<html lang="de-DE" prefix="og: https://ogp.me/ns#"><head><meta charset="utf-8" data-next-head=""><meta content="width=device-width, initial-scale=1, maximum-scale=1" name="viewport" data-next-head=""><meta content="noodp" name="robots" data-next-head=""><meta content="telephone=no" name="format-detection" data-next-head=""><meta content="www.shop-apotheke.com" name="author" data-next-head=""><meta content="www.shop-apotheke.com" name="og:site_name" data-next-head=""><meta content="https://www.shop-apotheke.com/webclient/assets/logo-COM-desktop.svg" property="og:image" data-next-head=""><meta content="https://www.shop-apotheke.com/webclient/assets/logo-COM-desktop.svg" name="twitter:image" data-next-head=""><meta content="@shopapothekecom" name="twitter:site" data-next-head=""><link href="https://static.shop-apotheke.com/media/favicon.ico" rel="shortcut icon" type="image/x-icon" data-next-head=""><link href="/mobile/pix/icons/apple-icon.png" rel="apple-touch-icon" data-next-head=""><link href="/mobile/pix/icons/apple-icon-57x57.png" rel="apple-touch-icon" sizes="57x57" data-next-head=""><link href="/mobile/pix/icons/apple-icon-60x60.png" rel="apple-touch-icon" sizes="60x60" data-next-head=""><link href="/mobile/pix/icons/apple-icon-72x72.png" rel="apple-touch-icon" sizes="72x72" data-next-head=""><link href="/mobile/pix/icons/apple-icon-76x76.png" rel="apple-touch-icon" sizes="76x76" data-next-head=""><link href="/mobile/pix/icons/apple-icon-114x114.png" rel="apple-touch-icon" sizes="114x114" data-next-head=""><link href="/mobile/pix/icons/apple-icon-120x120.png" rel="apple-touch-icon" sizes="120x120" data-next-head=""><link href="/mobile/pix/icons/apple-icon-144x144.png" rel="apple-touch-icon" sizes="144x144" data-next-head=""><link href="/mobile/pix/icons/apple-icon-152x152.png" rel="apple-touch-icon" sizes="152x152" data-next-head=""><link href="/mobile/pix/icons/apple-icon-180x180.png" rel="apple-touch-icon" sizes="180x180" data-next-head=""><link href="/manifest.json" rel="manifest" data-next-head=""><link href="https://widgets.trustedshops.com" rel="preconnect" data-next-head=""><title data-next-head="">Bronchobini® 2 g - Shop Apotheke</title><meta content="Bronchobini® 2 g - Shop Apotheke" property="og:title" data-next-head=""><meta content="Bronchobini® 2 g - Shop Apotheke" property="twitter:title" data-next-head=""><meta content="index, follow" name="robots" data-next-head=""><meta content="https://www.shop-apotheke.com/homoeopathie/10044240/bronchobini.htm" property="og:url" data-next-head=""><link href="https://www.shop-apotheke.com/homoeopathie/10044240/bronchobini.htm" rel="canonical" data-next-head=""><meta content="Bronchobini® 2 g für nur €&nbsp;12,49 bei Ihrer Online Apotheke für Deutschland kaufen und bis zu -17% sparen." name="description" data-next-head=""><meta content="Bronchobini® 2 g für nur €&nbsp;12,49 bei Ihrer Online Apotheke für Deutschland kaufen und bis zu -17% sparen." property="twitter:description" data-next-head=""><meta content="Bronchobini® 2 g für nur €&nbsp;12,49 bei Ihrer Online Apotheke für Deutschland kaufen und bis zu -17% sparen." property="og:description" data-next-head=""><link href="https://www.shop-apotheke.at/homoeopathie/D10044240/bronchobini.htm" hreflang="de-AT" rel="alternate" data-next-head=""><link href="https://www.shop-apotheke.com/homoeopathie/10044240/bronchobini.htm" hreflang="de-DE" rel="alternate" data-next-head=""><script type="text/javascript" async="" src="https://www.googletagmanager.com/gtag/js?id=G-102RDDVWR0&amp;l=dataLayer&amp;cx=c&amp;gtm=45He4bk0v810479810za200"></script><script async="" src="https://cdn.jsdelivr.net/npm/search-insights@1.2.2"></script><script data-project-tracker-id="b3711944" type="text/javascript" async="" id="adtriba-js" src="https://cdn.adtriba.com/v2/adtriba.js"></script><script type="text/javascript" charset="utf-8" async="" src="//widgets.trustedshops.com/js/X6CDB62AC29E1E597016740F9743558C2.js"></script><script crossorigin="anonymous" src="https://cdn.sa-tech.de/homeone/main/elastic-apm-rum.umd.min.js"></script><script>window.clientSideApmInstance = elasticApm.init({"active":true,"environment":"production","eventsLimit":40,"serverUrl":"https://7a498ae3e2c04b14a5bf5a072a2fb770.apm.europe-west3.gcp.cloud.es.io:443","serviceName":"home-one-client","serviceVersion":"7664b724c9a4c5c2597a9f03296a70ad01b3c1f5","transactionSampleRate":0.01});
window.clientSideApmInstance.setCustomContext({ userAgent: navigator.userAgent});</script><link data-next-font="" rel="preconnect" href="/" crossorigin="anonymous"><link rel="preload" href="https://cdn.sa-tech.de/homeone/main/_next/static/css/2e3613ee11d2101b.css" as="style" crossorigin="anonymous"><link rel="stylesheet" href="https://cdn.sa-tech.de/homeone/main/_next/static/css/2e3613ee11d2101b.css" crossorigin="anonymous" data-n-g=""><link rel="preload" href="https://cdn.sa-tech.de/homeone/main/_next/static/css/92653f52c0431786.css" as="style" crossorigin="anonymous"><link rel="stylesheet" href="https://cdn.sa-tech.de/homeone/main/_next/static/css/92653f52c0431786.css" crossorigin="anonymous" data-n-p=""><noscript data-n-css=""></noscript><script defer="" crossorigin="anonymous" nomodule="" src="https://cdn.sa-tech.de/homeone/main/_next/static/chunks/polyfills-42372ed130431b0a.js"></script><script src="https://static.sae-conversational.com/tenants/com/de/app-init.js" defer="" data-nscript="beforeInteractive" crossorigin="anonymous"></script><script defer="" src="https://cdn.sa-tech.de/homeone/main/_next/static/chunks/3368.e522e513b14512d8.js" crossorigin="anonymous"></script><script defer="" src="https://cdn.sa-tech.de/homeone/main/_next/static/chunks/6770.d15b48224af78640.js" crossorigin="anonymous"></script><script defer="" src="https://cdn.sa-tech.de/homeone/main/_next/static/chunks/1208.1ee2000398d23cc9.js" crossorigin="anonymous"></script><script defer="" src="https://cdn.sa-tech.de/homeone/main/_next/static/chunks/5015.6659275977f61e03.js" crossorigin="anonymous"></script><script defer="" src="https://cdn.sa-tech.de/homeone/main/_next/static/chunks/6269.ebd53fe84d6f783d.js" crossorigin="anonymous"></script><script defer="" src="https://cdn.sa-tech.de/homeone/main/_next/static/chunks/9578.5b339ef8f2d4a329.js" crossorigin="anonymous"></script><script src="https://cdn.sa-tech.de/homeone/main/_next/static/chunks/8068-09e0be51b9bc1c9b.js" defer="" crossorigin="anonymous"></script><script src="https://cdn.sa-tech.de/homeone/main/_next/static/chunks/6593-6935a98536635fd1.js" defer="" crossorigin="anonymous"></script><script src="https://cdn.sa-tech.de/homeone/main/_next/static/chunks/8792-eff3b5951dac9102.js" defer="" crossorigin="anonymous"></script><script src="https://cdn.sa-tech.de/homeone/main/_next/static/chunks/636-6c7c6e1e1f0bdd22.js" defer="" crossorigin="anonymous"></script><script src="https://cdn.sa-tech.de/homeone/main/_next/static/chunks/1066-66033d4f093a364f.js" defer="" crossorigin="anonymous"></script><script src="https://cdn.sa-tech.de/homeone/main/_next/static/chunks/6050-147af8c13d8433c1.js" defer="" crossorigin="anonymous"></script><script src="https://cdn.sa-tech.de/homeone/main/_next/static/chunks/3688-a6f8521b6399e48b.js" defer="" crossorigin="anonymous"></script><script src="https://cdn.sa-tech.de/homeone/main/_next/static/chunks/8871-05eea0273230ecbd.js" defer="" crossorigin="anonymous"></script><script src="https://cdn.sa-tech.de/homeone/main/_next/static/chunks/2344-3b4e53176038309b.js" defer="" crossorigin="anonymous"></script><script src="https://cdn.sa-tech.de/homeone/main/_next/static/VIXye0tXR6K1MOuN6n5Tf/_buildManifest.js" defer="" crossorigin="anonymous"></script><script src="https://cdn.sa-tech.de/homeone/main/_next/static/VIXye0tXR6K1MOuN6n5Tf/_ssgManifest.js" defer="" crossorigin="anonymous"></script><link id="sae-conversational" rel="stylesheet" type="text/css" href="https://static.sae-conversational.com/static/styles.css" media="all"><script src="https://static.sae-conversational.com/static/main.js"></script><script type="module" src="https://app.usercentrics.eu/browser-ui/3.58.0/index.module.js"></script><link as="script" rel="prefetch" crossorigin="anonymous" href="https://cdn.sa-tech.de/homeone/main/_next/static/chunks/7439-4dd48bc3af93a1ca.js"><style type="text/css" data-aphrodite=""></style></head><body data-qa-id="home-one-app" class="webChatIsActive" data-hydrated="true" style="min-height: auto;"><div id="__next"><script type="application/ld+json">{"@context":"https://schema.org","@graph":[{"@type":"WebSite","name":"shop-apotheke.com","potentialAction":{"@type":"SearchAction","query-input":{"@type":"PropertyValueSpecification","valueName":"search_term_string","valueRequired":"https://schema.org/True"},"target":{"@type":"EntryPoint","urlTemplate":"https://www.shop-apotheke.com/search.htm?q={search_term_string}"}},"url":"https://www.shop-apotheke.com"},{"@type":"Organization","contactPoint":[{"@type":"ContactPoint","areaServed":"DE","contactOption":"TollFree","contactType":"customer service","telephone":"+49 800 200 800 300"}],"logo":"https://www.shop-apotheke.com/webclient/assets/logo-COM-desktop.svg","name":"Shop-Apotheke","sameAs":["https://www.facebook.com/shop.apotheke.com/","https://www.youtube.com/shop-apotheke/","https://www.instagram.com/shopapothekecom/","https://shop-apotheke-europe.com/de/"],"url":"https://www.shop-apotheke.com"}]}</script><script type="application/ld+json">{"@context":"https://schema.org","@type":"BreadcrumbList","itemListElement":[{"item":"https://www.shop-apotheke.com/","name":"Home","@type":"ListItem","position":1}]}</script><div class="relative z-20 hidden bg-light-primary-low hover:z-40 tablet:block"><div data-auto-load="true" data-as-flight-id="523045111" data-as-height="100" data-as-width="1920" class="as-placeholder ad-server-top-header-banner" data-as-status="ready" data-as-top-banner="responsive"><div data-as-container="" style="width: 1920px; height: 100px;"><iframe sandbox="allow-top-navigation-by-user-activation allow-scripts allow-popups" src="data:text/html;charset=utf-8,%3C!DOCTYPE%20html%3E%3Chead%3E%3C%2Fhead%3E%3Cbody%20style%3D%22overflow%3Ahidden%3Bmargin%3A0%22%3E%0A%3Cmeta%20name%3D%22viewport%22%20content%3D%22width%3Ddevice-width%2C%20initial-scale%3D1%22%3E%0A%0A%3Cstyle%3E%0A%2F*%20Look%20for%20comments%20with%20%22HERE%22%20for%20customization%20opportunities%20*%2F%0A%0A.wrapper%2C%0A.image%20%7B%0A%20%20position%3A%20absolute%3B%0A%20%20top%3A%200%3B%0A%20%20left%3A%200%3B%0A%20%20width%3A%20100%25%3B%0A%20%20height%3A%20100%25%3B%0A%7D%0A%0A.wrapper%20%7B%0A%20%20%2F*%20HERE%20Set%20colours%20to%20match%20the%20image%20banner%20*%2F%0A%20%20color%3A%20%232B140E%3B%0A%20%20background%3A%23d3d0ff%3B%0A%0A%20%20display%3A%20flex%3B%0A%20%20justify-content%3A%20center%3B%0A%20%20align-items%3A%20center%3B%0A%0A%20%20font%3A%2014px%20%22helvetica%20neue%22%2C%20%22Nimbus%20Sans%20L%22%2C%20sans-serif%3B%0A%20%20font-weight%3A%20bold%3B%0A%20%20text-align%3Acenter%3B%0A%7D%0A%0A.text%20%7B%0A%20%20margin%3A%200%202.5em%3B%0A%7D%0A%0A.sentence%20%7B%0A%20%20display%3A%20inline-block%3B%0A%7D%0A%0A.link%20%7B%0A%20%20color%3A%20inherit%3B%0Atext-decoration%3Anone%3B%0A%7D%0A%0A.image%20%7B%0A%20%20%2F*%20HERE%20Set%20max%20width%20image%20banner%20is%20legible%20at%20*%2F%0A%20%20max-width%3A%20980px%3B%0A%7D%0A%0A%40supports%20(object-fit%3A%20contain)%20%7B%0A%20%20.image%20%7B%0A%20%20%20%20object-fit%3A%20contain%3B%0A%20%20%20%20max-width%3A%20none%3B%0A%20%20%7D%0A%7D%0A%0A.big%20%7B%20display%3A%20none%20%7D%0A%0A%2F*%20Note%20that%20height%20and%20width%20refers%20to%20containing%20frame%20size%20*%2F%0A%2F*%20HERE%20When%20using%20image%20banner%20in%20.big%2C%20change%20700px%20to%20min%20width%20it's%20legible%20at%20*%2F%0A%40media%20(min-height%3A%2099px)%20and%20(min-width%3A%20700px)%20%7B%0A%20%20.small%20%7B%20display%3A%20none%3B%20%7D%0A%20%20.big%20%7B%20display%3A%20block%3B%20%7D%0A%7D%0A%3C%2Fstyle%3E%0A%0A%3Cdiv%20class%3D%22wrapper%22%3E%0A%20%20%3Ca%20href%3D%22https%3A%2F%2Fretail-api.sa-tech.de%2Fapi%2Fv1%2Fe%2Fr%3Fj%3D0eJztVcuSmzgU%252FRfW3VUgHm56R4ONRZCIMS9pB6I7ICPsCbYFTM2%252FT8nJpPIDs0n1Ule6D5177rl%252Fa%252B%252Faq%252Fa%252BRADyc4%252BO1ox6OEGxU%252BcFBcxEK7JjP%252BpaHzo4gAD5sifjoU%252B4N0GBr5CfV8Q9EwUHE%252FGtsp0hPxtJ4BmPt2Dqk%252FHqxn7EWQ8dtBIdZUwizqzYj071ETpQkJWGcKGcWTSABg4OJs7aLsl2HRKRoBwLlJ0ACqIO9rKn4fln%252FuGi6ibryaLB1kQAC1IWAgfdCZfRCfNC0DDXEcglztCMwKFXOZsjdNAieypQn%252FB8TTK0IA5nrGILqWwLWj0dZ9sZHWVfV16f9HDFR2vBAbmhjNgx34LEV1hdTVUD219uCd9KFBx0xA8y3heyLg8OyjyJg8OCA2%252BiVSdJdjnVVTQQ8zC1YXEjpa0nAt%252Bb43wlpW1QsePtvlhoFfEGpEMithKtZMHcm1i4G2mV2izMHbaP7nRf8NafOakODjHx6dEv7k0E7FTMlQaeTIJ8iUPctcGFM3CQKPAAOv7uA00Vuwl3N2oWHQW5Q8N8YuM3h4rdxEA%252BNaE7UlCc6tL6ZSMgksmYLm2ZK0xv7QLVX20UfJvg%252BMYhP5uq%252F43p9QlnMvajK1McWlXfCnWvbOOjF77sqcJY2EYTSuW%252FKP7hjAAUsAmOka7OsR8tbIEOzjzluxLFHZ5LxQkGYJ%252F00SXO3gYEaE95ymmGrCRjunr%252FePOoBan%252BGEmAJjhiFXdGGbNwgBQfjXqBDhyLAR0NQcuDTfg3i4ZoRlmuJ9mOJ0E%252B4xWtSZkOaN1aWMAFHeEEx3RVsdQd4lBH6xagIDdiP%252BppD512Hxn0KHsWWopLj3qoCftE0K7Z40FhQRb4C18o2gDyiyDlvCo%252FCk79T7zV3frgnCjmH%252FOgeLxVNTjKXhRpoOxt9cDk3O5TydbzPTbxuTG9K6ne7m3YDTXIrwS411i4N1rOl0ZMt6bM7zQ4GXnmKv66GbDXukqHSOxEBfCZlPaNltJNt7kgq%252FG1GfGlDYuP7ESDykjvLIy6RtgDG17mHz6p%252FFrhjmbnewyK5d2nJ1oWsgIq3%252FWjFbupLXOXgd2Q9C93WkXWw89sBzK4JxYYv9Xfmu1ir3XoyrjcycZMz7S8DvFjftwhrqLhXRSy9Y2hCYvv7T66N2JYCeiGuGwHZhY3qv5dpWsNdksb5oKU9IOU9okJ90J3rsGEdOt9qrM9cuLFNVuT3Rjo7sw3Oha6eh0W3%252BnR5g3Q7%252FRoLLS6DGx%252FuNJyHmozXRpgXxjAZ3o0RlphoxGqxkFn4Nqx8T8chzsz%252Fv9ccNS1J23SXjUvqxp72RDCsvue%252BBAX%252Bwac57T6ctCeNPa5BD6XwOcS%252BDOXAK3UnOb2x2PSe%252B3VBPpGtzbAeNLYd%252B3VdCxjo4PNy5PGlFS4uCsb%252F%252FTmMGodhvn5ZXoj9l%252FPX6SuxOSj115tYOqWbRjGk9Yz7VVrmfNRb3Tw7BjNx7Nlue%252FPTWM1z05jNM77Rt809kOHPlXmU2U%252BVeZPVhnsqjlXKtIl9f3LOHubi%252BuZxypb18mMXj5krW%252B1f%252F4F1bvhPA%253D%253D%26ts%3Drofkvhzc%255Ekvjz%22%20target%3D%22_top%22%20rel%3D%22nofollow%20noopener%22%20class%3D%22link%22%3E%0A%20%20%20%20%3Cdiv%20class%3D%22small%22%3E%0A%20%20%20%20%20%20%3Cdiv%20class%3D%22text%22%3E%0A%20%20%20%20%20%20%20%20%3Cspan%20class%3D%22sentence%22%3ENeu%3A%20E-Rezept%20mit%20App%20und%20Krankenkassenkarte%3C%2Fspan%3E%0A%20%20%20%20%20%20%3C%2Fdiv%3E%0A%20%20%20%20%3C%2Fdiv%3E%0A%20%20%20%20%3Cdiv%20class%3D%22big%22%3E%0A%20%20%20%20%20%20%3Cimg%20%20%20%20%20%20%20%20%20class%3D%22image%22%0A%20%20%20%20%20%20%20%20alt%3D%22COM%20NFC%20Kommunikation%20v3%22%0A%20%20%20%20%20%20%20%20src%3D%22https%3A%2F%2Fc.sa-tech.de%2Fassets%2F91a2321134c24148b82805129c624b8c.jpg%22%0A%20%20%20%20%20%20%3E%0A%20%20%20%20%3C%2Fdiv%3E%0A%20%20%3C%2Fa%3E%0A%3C%2Fdiv%3E%3C%2Fbody%3E" data-as-content=""></iframe></div></div><div class="mx-auto flex max-w-5xl flex-wrap items-center justify-between px-3.5 pt-2 text-s"><ul class="inline-flex pr-4 desktop:ml-5 desktop:pl-48"><li class="mr-4"><a href="/nx/newsletter/" class="inline-block py-1 text-xs text-dark-primary-max hover:text-dark-hover-brand rounded-full border border-dark-primary-min px-3 hover:border-dark-hover-brand">Newsletter - 5€ Gutschein</a></li><li class="mr-4"><a href="/online-arzt-service.htm" class="inline-block py-1 text-xs text-dark-primary-max hover:text-dark-hover-brand">Online-Arzt</a></li><li class="mr-4"><a href="/lp/gutscheine/" class="inline-block py-1 text-xs text-dark-primary-max hover:text-dark-hover-brand">Gutscheine</a></li><li class="mr-4"><a href="/premium-lieferung/" class="inline-block py-1 text-xs text-dark-primary-max hover:text-dark-hover-brand">Unser Now! Service</a></li></ul><ul class="inline-flex items-center"><li class="ml-2"><a aria-label="FAQ" class="text-xs text-dark-primary-max hover:text-dark-hover-brand" href="/faq.htm">FAQ</a></li><li class="ml-2"><a aria-label="Kontakt" class="text-xs text-dark-primary-max hover:text-dark-hover-brand" href="/versandapotheke_kontakt.htm">Kontakt</a></li><li class="ml-2"><a aria-label="Über uns" class="text-xs text-dark-primary-max hover:text-dark-hover-brand" href="/about.htm">Über uns</a></li></ul></div></div><header class="sticky top-0 z-30 hidden bg-light-primary-low tablet:block shadow-md"><div class="relative mx-auto flex max-w-5xl px-3.5 py-2"><div class="relative mr-5 flex justify-center desktop:basis-48"><div class="relative flex w-[8.75rem] items-center duration-150 ease-in-out"><a data-qa-id="brand-log" href="/"><img alt="logo" loading="lazy" width="180" height="70" decoding="async" data-nimg="1" style="color:transparent" src="https://cdn.sa-tech.de/homeone/main/_next/static/media/logo-COM-rebranding.d38cb33a.svg"></a></div></div><div class="flex min-h-[56px] grow"><div class="relative mr-5 flex grow items-center"><div class="absolute top-0 z-20 size-full"><form class="relative top-1/2 mb-4 flex -translate-y-1/2 flex-row"><input autocomplete="off" class="w-full rounded-l-full border-y border-l border-dark-accent bg-light-brand-low px-6 py-4 text-m outline-none transition-colors placeholder:text-m placeholder:font-normal placeholder:text-dark-primary-low hover:border-dark-brand focus:bg-light-primary-low" data-qa-id="search-box-query" name="query" placeholder="Finden Sie Ihr Produkt" type="search" value=""><button class="flex items-center whitespace-nowrap rounded-r-full bg-dark-redpoints px-3.5 text-m text-light-primary-strong hover:bg-dark-pressed-redpoints" data-qa-id="search-box-query-button" type="submit"><svg viewBox="0 0 24 24" xmlns="http://www.w3.org/2000/svg" width="1em" height="1em" fill="currentColor" class="mr-2.5 size-8 fill-light-primary-strong"><path fill-rule="evenodd" d="M10.5 4a6.5 6.5 0 1 0 0 13 6.5 6.5 0 0 0 0-13M2 10.5a8.5 8.5 0 1 1 15.176 5.262l4.531 4.53a1 1 0 0 1-1.414 1.415l-4.531-4.531A8.5 8.5 0 0 1 2 10.5" clip-rule="evenodd"></path></svg><span class="hidden font-medium desktop:inline">Suchen</span></button></form><div></div></div></div><ul class="inline-flex"><li class="relative z-50 flex"><a class="flex flex-col items-center justify-end px-1.5" data-qa-id="account-button" href="/nx/login/"><svg viewBox="0 0 24 24" xmlns="http://www.w3.org/2000/svg" width="1em" height="1em" fill="currentColor" class="mb-2 size-6 fill-dark-primary-max fill-dark-primary-max"><path fill-rule="evenodd" d="M12 4a4 4 0 1 0 0 8 4 4 0 0 0 0-8m3.48 8.888a6 6 0 1 0-6.96 0c-2.577 1.354-4.76 4.155-6.425 7.686a1 1 0 1 0 1.81.852C6.206 16.544 9.127 14 12 14s5.794 2.544 8.096 7.426a1 1 0 1 0 1.808-.852c-1.664-3.531-3.847-6.332-6.424-7.686" clip-rule="evenodd"></path></svg><span class="font-medium leading-none text-dark-primary-max text-dark-primary-max">Anmelden</span></a></li><div class="fixed left-0 top-0 z-40 size-full bg-backdrop transition-all hidden"></div><li class="flex"><a class="group flex flex-col items-center justify-end px-1.5" href="/e-rezept-scannen/"><svg viewBox="0 0 24 24" xmlns="http://www.w3.org/2000/svg" width="1em" height="1em" fill="currentColor" class="mb-2 size-6 fill-dark-primary-max group-hover:fill-dark-hover-accent group-active:fill-dark-pressed-accent"><path fill-rule="evenodd" d="M2 6a2 2 0 0 1 2-2h16a2 2 0 0 1 2 2v12a2 2 0 0 1-2 2H4a2 2 0 0 1-2-2zm18 0H4v12h16zm-4 1a1 1 0 0 1 1 1v1h1a1 1 0 1 1 0 2h-1v1a1 1 0 1 1-2 0v-1h-1a1 1 0 1 1 0-2h1V8a1 1 0 0 1 1-1M5 10a1 1 0 0 1 1-1h4a1 1 0 1 1 0 2H6a1 1 0 0 1-1-1m0 4a1 1 0 0 1 1-1h4a1 1 0 1 1 0 2H6a1 1 0 0 1-1-1" clip-rule="evenodd"></path></svg><span class="whitespace-nowrap font-medium leading-none text-dark-primary-max group-hover:text-dark-hover-accent group-active:text-dark-pressed-accent">E-Rezept</span></a></li><li class="flex"><a class="group relative flex flex-col items-center justify-end px-1.5 tablet:pr-0" data-qa-id="cart-button" href="/nx/cart/"><div class="flex items-start"><div class="flex"><svg viewBox="0 0 24 24" xmlns="http://www.w3.org/2000/svg" width="1em" height="1em" fill="currentColor" class="fill-dark-primary-max group-hover:fill-dark-hover-accent group-active:fill-dark-pressed-accent mb-2 size-6 size-8"><path fill-rule="evenodd" d="M4.203 4.538A3 3 0 0 1 7.167 2h9.665a3 3 0 0 1 2.964 2.538l2.182 14A3 3 0 0 1 19.014 22H4.985a3 3 0 0 1-2.964-3.462zM7.167 4a1 1 0 0 0-.988.846l-2.182 14A1 1 0 0 0 4.985 20h14.029a1 1 0 0 0 .988-1.154l-2.182-14A1 1 0 0 0 16.832 4zm1.782 2a1 1 0 0 1 1 1 2 2 0 1 0 4 0 1 1 0 1 1 2 0 4 4 0 1 1-8 0 1 1 0 0 1 1-1" clip-rule="evenodd"></path></svg><span class="absolute box-border flex aspect-square min-w-[20px] items-center justify-center rounded-full border border-light-primary-strong bg-light-tertiary p-1 font-mono text-xs font-medium leading-none text-dark-primary-max tablet:static tablet:-ml-2 tablet:-mt-2 tablet:self-start top-0 ml-4"><span>0</span></span></div></div><span class="font-medium leading-none text-dark-primary-max group-hover:text-dark-hover-accent group-active:text-dark-pressed-accent">Warenkorb</span></a></li></ul></div></div><div class="absolute top-full w-full"><div class="h-1 w-full"><div class="h-1 bg-gradient-to-r from-light-error to-dark-error transition-[width]" style="width: 0%;"></div></div></div></header><div class="relative z-20 hidden bg-light-primary-low tablet:flex"><div class="mt-3 w-full bg-light-brand-high"><nav class="mx-auto max-w-5xl"><h3 class="sr-only">Menubar</h3><div class="flex justify-between"><ul class="flex max-h-14 flex-wrap overflow-hidden last-of-type:shrink-0"><li><div role="menu" tabindex="0"><button class="relative flex h-14 items-center fill-dark-primary-max pr-3.5 font-medium text-dark-primary-max hover:fill-dark-hover-brand hover:text-dark-hover-brand" data-qa-id="form-categories" type="button"><svg viewBox="0 0 24 24" xmlns="http://www.w3.org/2000/svg" width="1em" height="1em" fill="currentColor" class="m-3.5 text-3xl"><path fill-rule="evenodd" d="M2 6a1 1 0 0 1 1-1h18a1 1 0 1 1 0 2H3a1 1 0 0 1-1-1m0 6a1 1 0 0 1 1-1h18a1 1 0 1 1 0 2H3a1 1 0 0 1-1-1m0 6a1 1 0 0 1 1-1h18a1 1 0 1 1 0 2H3a1 1 0 0 1-1-1" clip-rule="evenodd"></path></svg>Kategorien</button><div aria-hidden="true" class="absolute z-10 w-full max-w-5xl overflow-hidden rounded bg-light-primary-low hidden"><div class="mx-auto flex bg-light-primary-low"><div class="flex flex-1 flex-col p-4 bg-light-brand-medium pr-16"><h3 class="mb-3.5 whitespace-nowrap text-m font-bold leading-xl tracking-[.05rem]">Wir empfehlen</h3><ul><li class="mb-2.5 mt-3"><a class="flex items-center hover:text-dark-brand hover:underline font-medium" href="/e-rezept-einloesen/" role="menuitem"><svg xmlns="http://www.w3.org/2000/svg" viewBox="0 0 100 100" width="1em" height="1em" fill="currentColor" class="mr-2.5 size-8 shrink-0 fill-dark-redpoints p-0.5"><path d="M88.442 8.396c3.615 0 6.558 2.77 6.558 6.177v40.24c0 3.205-2.62 5.82-5.943 6.115l1.845 8.455c.402 1.852.062 3.752-.963 5.346s-2.607 2.697-4.46 3.099L23.084 91.441a7 7 0 0 1-1.514.163 7.11 7.11 0 0 1-6.931-5.585L5.163 42.594a7.11 7.11 0 0 1 5.422-8.448l8.015-1.748V14.573c0-3.407 2.943-6.177 6.563-6.177zM74.499 25.102a2.3 2.3 0 0 0-.51.057l-62.396 13.61a2.37 2.37 0 0 0-1.807 2.818l9.472 43.424a2.37 2.37 0 0 0 1.036 1.488c.53.341 1.162.452 1.78.319l62.399-13.612a2.365 2.365 0 0 0 1.807-2.815l-9.472-43.424a2.37 2.37 0 0 0-1.036-1.488 2.37 2.37 0 0 0-1.273-.376zM25.997 65.526c.904-.199 1.675-.095 2.297.303.71.457 1.197 1.275 1.448 2.434.3 1.37.159 2.273-.5 2.955.966.322 1.316 1.091 1.593 2.363l.282 1.294c.073.324.182.632.286.93s.206.603.277.918c.106.487-.206 1.105-1.145 1.311-1.02.229-1.732-.151-1.975-1.057l-.776-3.071c-.18-.688-.525-.911-1.247-.755l-.686.151.882 4.041c.177.828-.293 1.583-1.1 1.758a1.4 1.4 0 0 1-.322.035 1.4 1.4 0 0 1-.755-.215 1.5 1.5 0 0 1-.651-.96l-2.167-9.938c-.11-.502-.066-.897.135-1.206s.537-.509 1.034-.615zm11.167-2.438q.712-.153 1.183.128c.289.175.483.468.565.849s.026.726-.161 1.003q-.306.454-1.022.61l-3.052.667.483 2.21 2.836-.617c.485-.111.897-.059 1.206.144.272.175.459.464.537.833.085.379.028.726-.16 1.005-.2.3-.543.506-1.02.608l-2.835.62.584 2.676 3.17-.691c.916-.194 1.57.166 1.746.979.08.369.03.71-.144.984-.201.312-.551.525-1.04.632l-4.496.982a2.4 2.4 0 0 1-.494.057q-.406 0-.703-.187c-.312-.199-.518-.539-.627-1.041l-2.108-9.671c-.218-.994.177-1.606 1.17-1.824zm10.049-2.19c.499-.111.916-.066 1.23.135q.406.261.528.821c.085.388.03.861-.168 1.443L46.1 71.688l3.442-.75c.913-.199 1.568.166 1.746.979.083.379.028.726-.161 1.005-.203.3-.546.506-1.022.61l-5.588 1.218a1.7 1.7 0 0 1-.381.043c-.748 0-1.254-.509-1.377-1.069-.078-.367-.047-.636.154-1.259l2.668-8.5-2.978.648c-.913.199-1.568-.166-1.744-.972-.083-.383-.028-.731.159-1.008.2-.3.546-.506 1.022-.61l5.172-1.125zm9.389-2.049c.908-.196 1.573.163 1.75.977.08.367.029.707-.146.982q-.303.47-1.04.632l-3.051.665.483 2.21 2.836-.617c.48-.109.892-.057 1.206.144.272.177.459.466.537.835.085.379.028.726-.16 1.003q-.304.454-1.02.61l-2.835.62.584 2.676 3.17-.691c.908-.201 1.568.168 1.746.979.08.369.03.71-.144.984-.201.312-.551.525-1.04.632l-4.496.982a2.3 2.3 0 0 1-.492.057q-1.061-.002-1.332-1.228L51.05 61.63c-.11-.502-.066-.894.132-1.204s.539-.511 1.039-.62zm-29.72 10.354c-.267-1.209-.684-1.344-1.464-1.171l-.686.151.622 2.846.584-.128c.62-.135 1.218-.442.944-1.699zm37.704-12.096c1.055-.229 1.942-.106 2.633.355.738.492 1.249 1.372 1.519 2.612.506 2.328-.407 4.102-2.328 4.521l-1.658.362.854 3.906a1.5 1.5 0 0 1-.187 1.138 1.43 1.43 0 0 1-.908.622 1.5 1.5 0 0 1-.326.035c-.672 0-1.25-.464-1.408-1.178l-2.167-9.938c-.215-.991.177-1.604 1.173-1.822zm11.875-2.59c.918-.199 1.568.168 1.746.977.08.369.03.707-.144.982-.201.312-.551.525-1.04.632l-1.487.324 1.93 8.843c.09.412.02.819-.192 1.145a1.44 1.44 0 0 1-.906.615 1.5 1.5 0 0 1-.322.035 1.4 1.4 0 0 1-.771-.227 1.5 1.5 0 0 1-.64-.951l-1.93-8.843-1.487.324c-.923.199-1.568-.166-1.746-.972-.177-.814.265-1.417 1.183-1.616zm-11.188 5.161c-.222-.182-.487-.234-.83-.159l-.835.185.65 2.978.72-.156c.289-.064 1.17-.255.852-1.713-.118-.546-.308-.927-.556-1.136zm-40.08-18.905a2.37 2.37 0 0 1 2.814 1.805l.99 4.54 4.54-.989a2.37 2.37 0 0 1 2.816 1.807 2.365 2.365 0 0 1-1.807 2.815l-4.537.989.989 4.537a2.37 2.37 0 0 1-1.807 2.818 2.5 2.5 0 0 1-.504.054 2.366 2.366 0 0 1-2.31-1.862l-.988-4.537-4.542.989a2.3 2.3 0 0 1-.506.054 2.36 2.36 0 0 1-2.307-1.862 2.36 2.36 0 0 1 1.805-2.815l4.537-.991-.99-4.537a2.363 2.363 0 0 1 1.808-2.815zm63.249-27.646h-63.28c-.99 0-1.83.662-1.83 1.445v16.794l49.65-10.83a7.04 7.04 0 0 1 5.347.96 7.05 7.05 0 0 1 3.099 4.462l6.61 30.297h.405c.989 0 1.826-.66 1.826-1.443V14.573c0-.783-.837-1.445-1.826-1.445zM60.439 44.8a2.364 2.364 0 0 1 2.813 1.807 2.36 2.36 0 0 1-1.805 2.815l-12.801 2.791a2.366 2.366 0 0 1-1.008-4.623zm8.652-10.673c1.275-.282 2.536.532 2.813 1.81s-.528 2.536-1.805 2.815l-23.283 5.077a2.3 2.3 0 0 1-.506.054 2.366 2.366 0 0 1-.502-4.677z"></path></svg>Rezept einlösen</a></li><li class="mb-2.5 mt-3"><a class="flex items-center hover:text-dark-brand hover:underline font-medium" href="/lp/eigenmarken/" role="menuitem">Unsere Eigenmarken</a></li><li class="mb-2.5 mt-3"><a class="flex items-center hover:text-dark-brand hover:underline font-medium" href="/angebote/" role="menuitem">Top Angebote</a></li><li class="mb-2.5 mt-3"><a class="flex items-center hover:text-dark-brand hover:underline font-medium" href="/gratis-aktionen/" role="menuitem">Aktionen &amp; Sets</a></li><li class="mb-2.5 mt-3"><a class="flex items-center hover:text-dark-brand hover:underline font-medium" href="/aktion-vier/" role="menuitem">Ergänzungsfuttermittel für Tiere</a></li><li class="mb-2.5 mt-3"><a class="flex items-center hover:text-dark-brand hover:underline font-medium" href="/nachhaltigkeit-naturkosmetik/" role="menuitem">Naturkosmetik</a></li><li class="mb-2.5 mt-3"><a class="flex items-center hover:text-dark-brand hover:underline font-medium" href="/geschenkideen/ " role="menuitem">Weihnachtliche Geschenkideen</a></li><li class="mb-2.5 mt-3"><a class="flex items-center hover:text-dark-brand hover:underline font-medium" href="/kontaktlinsen/" role="menuitem"><svg viewBox="0 0 24 24" xmlns="http://www.w3.org/2000/svg" width="1em" height="1em" fill="currentColor" class="mr-2.5 size-8 shrink-0 fill-dark-redpoints"><path fill-rule="evenodd" d="M4.087 7.984c.674 1.357 2.848 3.797 7.383 3.975.305-.345.65-.655 1.028-.92q-.246.025-.498.025a4.778 4.778 0 0 1-4.587-6.121c-1.863.879-2.897 2.18-3.326 3.041m6.178-3.868a2.778 2.778 0 1 0 3.47 0A13 13 0 0 0 12 4q-.928.002-1.735.116m6.322.827c.124.426.191.877.191 1.343a4.77 4.77 0 0 1-1.828 3.759 5.9 5.9 0 0 1 2.877.26c1.105-.78 1.766-1.678 2.085-2.32-.428-.863-1.462-2.164-3.325-3.042m3.106 6.441c1.202-1.031 1.93-2.181 2.247-3.06a1 1 0 0 0 0-.68C21.203 5.6 18.195 2 12 2S2.798 5.599 2.06 7.645a1 1 0 0 0 0 .68c.668 1.852 3.2 4.982 8.278 5.553a5.873 5.873 0 1 0 9.355-2.494m-3.82.589a3.873 3.873 0 1 0 0 7.746 3.873 3.873 0 0 0 0-7.746m1.947 2.873a1 1 0 0 1 1 1 2.947 2.947 0 0 1-2.947 2.946 1 1 0 0 1 0-2 .947.947 0 0 0 .947-.946 1 1 0 0 1 1-1" clip-rule="evenodd"></path></svg>Kontaktlinsen</a></li><li class="mb-2.5 mt-3"><a class="flex items-center hover:text-dark-brand hover:underline font-medium" href="/redpoints-promotions/" role="menuitem"><svg xmlns="http://www.w3.org/2000/svg" viewBox="0 0 100 100" width="1em" height="1em" fill="currentColor" class="mr-2.5 size-8 shrink-0 fill-dark-redpoints"><path d="M54.81 47.24a4.9 4.9 0 0 1 1.05 2.428h-6.836a4.7 4.7 0 0 1 .193-1.007 3 3 0 0 1 .564-1.064 3.2 3.2 0 0 1 1.064-.846 3.7 3.7 0 0 1 1.672-.339 2.95 2.95 0 0 1 2.293.828M90.749 50A40.749 40.749 0 1 1 50 9.251 40.75 40.75 0 0 1 90.749 50m-47.91 8.961a3.1 3.1 0 0 1-.491-1.079 10 10 0 0 1-.237-1.347q-.072-.71-.1-1.392c-.028-.682-.043-.848-.062-1.183a12 12 0 0 0-.222-1.6 5.3 5.3 0 0 0-.515-1.464 4 4 0 0 0-.921-1.154 3.5 3.5 0 0 0-1.421-.728v-.057a4.94 4.94 0 0 0 2.563-2.072 6.4 6.4 0 0 0 .785-3.228 6 6 0 0 0-.428-2.264 5.6 5.6 0 0 0-1.243-1.85 5.9 5.9 0 0 0-1.956-1.257 6.8 6.8 0 0 0-2.558-.458h-11.4v21.133h4.649V50.7h4.644a3.47 3.47 0 0 1 2.519.768 4.23 4.23 0 0 1 1.008 2.432c.116.848.207 1.737.265 2.664a8.2 8.2 0 0 0 .472 2.4zm6.185-6.629h11.042a10.9 10.9 0 0 0-.3-3.4 8.3 8.3 0 0 0-1.344-2.9A6.8 6.8 0 0 0 56.039 44a7.3 7.3 0 0 0-3.406-.756 7.9 7.9 0 0 0-3.18.622 7.42 7.42 0 0 0-4.071 4.263 8.9 8.9 0 0 0-.563 3.2 9.3 9.3 0 0 0 .549 3.257 7.4 7.4 0 0 0 1.556 2.543 6.7 6.7 0 0 0 2.457 1.643 8.7 8.7 0 0 0 3.252.578 8 8 0 0 0 4.441-1.185 7 7 0 0 0 2.726-3.94h-3.7a2.6 2.6 0 0 1-1.122 1.347 4.31 4.31 0 0 1-4.914-.28 4.25 4.25 0 0 1-1.04-2.96m28.442-14.5h-4.2v7.694H73.2a4.5 4.5 0 0 0-1.937-1.7 6 6 0 0 0-2.591-.578 6.18 6.18 0 0 0-5.072 2.424 7.8 7.8 0 0 0-1.275 2.528 10.4 10.4 0 0 0-.429 2.974 11 11 0 0 0 .429 3.076 8.2 8.2 0 0 0 1.275 2.625 6.05 6.05 0 0 0 2.144 1.806 6.54 6.54 0 0 0 3.02.665 6.46 6.46 0 0 0 2.707-.547 4.32 4.32 0 0 0 1.937-1.792h.063v1.954h3.993zM34.375 41.44h-5.092v5.95h5.092a3.5 3.5 0 0 0 2.394-.711 2.94 2.94 0 0 0 .8-2.31 2.8 2.8 0 0 0-.8-2.233 3.55 3.55 0 0 0-2.394-.696m38.255 6.467a3.5 3.5 0 0 0-1.113-1.081 3.26 3.26 0 0 0-1.715-.414 3.44 3.44 0 0 0-1.749.414 3.26 3.26 0 0 0-1.137 1.1 4.7 4.7 0 0 0-.621 1.553A8.3 8.3 0 0 0 66.1 51.3a7.7 7.7 0 0 0 .207 1.776 4.8 4.8 0 0 0 .665 1.582 3.65 3.65 0 0 0 1.156 1.125 3.1 3.1 0 0 0 1.672.429 3.3 3.3 0 0 0 1.729-.415 3.17 3.17 0 0 0 1.113-1.108 5.1 5.1 0 0 0 .593-1.584 9.6 9.6 0 0 0 .173-1.836 9.3 9.3 0 0 0-.173-1.818 4.5 4.5 0 0 0-.605-1.544"></path></svg>RedPoints Aktionen</a></li><li class="mb-2.5 mt-3"><a class="flex items-center hover:text-dark-brand hover:underline font-medium" data-qa-id="now-products-link-under-categories" href="/now/" role="menuitem"><svg viewBox="0 0 24 24" xmlns="http://www.w3.org/2000/svg" width="1em" height="1em" fill="currentColor" class="mr-2.5 size-8 shrink-0 fill-dark-redpoints"><path fill-rule="evenodd" d="M12 22c5.523 0 10-4.477 10-10S17.523 2 12 2 2 6.477 2 12s4.477 10 10 10m1-16a1 1 0 1 0-2 0v5H9a1 1 0 1 0 0 2h2a2 2 0 0 0 2-2z" clip-rule="evenodd"></path></svg>Now! Produkte</a></li><li class="mb-2.5 mt-3"><a class="flex items-center hover:text-dark-brand hover:underline font-medium" href="/online-arzt-service.htm" role="menuitem"><svg xmlns="http://www.w3.org/2000/svg" viewBox="0 0 24 24" width="1em" height="1em" fill="currentColor" class="mr-2.5 size-8 shrink-0 fill-dark-redpoints"><path d="M21.997 12.258 22 12c0-5.523-4.477-10-10-10a9.96 9.96 0 0 0-4.368 1.002 10.04 10.04 0 0 0-4.846 5.106A10 10 0 0 0 2 12.074c.035 4.838 3.507 8.853 8.094 9.74V15.47c-2.224-.32-3.981-2.365-3.981-4.764V6.803c0-.69.56-1.25 1.25-1.25h.856a.625.625 0 1 1 0 1.25h-.856v3.904c0 1.881 1.423 3.485 3.174 3.577a3.36 3.36 0 0 0 2.491-.917 3.33 3.33 0 0 0 1.047-2.435V6.803h-.856a.625.625 0 1 1 0-1.25h.856c.69 0 1.25.56 1.25 1.25v4.129c0 1.277-.51 2.463-1.437 3.342a4.55 4.55 0 0 1-2.544 1.206v6.487l.13.009c.17.012.34.024.514.024h.104a9.95 9.95 0 0 0 4.058-.91v-2.747a2.08 2.08 0 0 1-1.456-1.974 2.082 2.082 0 0 1 4.163 0c0 .928-.616 1.707-1.457 1.974v2.065c2.697-1.736 4.51-4.726 4.597-8.15"></path><path d="M15.944 16.369a.832.832 0 1 0 1.663 0 .832.832 0 0 0-1.663 0"></path></svg>Online-Arzt-Service</a></li><li class="mb-2.5 mt-3"><a class="flex items-center hover:text-dark-brand hover:underline font-medium" href="/versandapotheke_kontakt.htm" role="menuitem">Kontakt</a></li></ul></div><div class="flex flex-1 flex-col p-4"><h3 class="mb-3.5 whitespace-nowrap text-m font-bold leading-xl tracking-[.05rem]">Unsere Kategorien</h3><ul><li class="mb-2.5 mt-3"><a class="flex items-center hover:text-dark-brand hover:underline" href="/arzneimittel/" role="menuitem">Arzneimittel &amp; Gesundheit</a></li><li class="mb-2.5 mt-3"><a class="flex items-center hover:text-dark-brand hover:underline" href="/baby-und-familie/" role="menuitem">Baby &amp; Familie</a></li><li class="mb-2.5 mt-3"><a class="flex items-center hover:text-dark-brand hover:underline" href="/beautyprodukte-und-pflegeprodukte/" role="menuitem">Beauty &amp; Pflege</a></li><li class="mb-2.5 mt-3"><a class="flex items-center hover:text-dark-brand hover:underline" href="/bio-naturprodukte/" role="menuitem">Bio &amp; Naturprodukte</a></li><li class="mb-2.5 mt-3"><a class="flex items-center hover:text-dark-brand hover:underline" href="/buecher/" role="menuitem">Bücher</a></li><li class="mb-2.5 mt-3"><a class="flex items-center hover:text-dark-brand hover:underline" href="/ernaehrung-sport-abnehmen/" role="menuitem">Ernährung &amp; Abnehmen</a></li><li class="mb-2.5 mt-3"><a class="flex items-center hover:text-dark-brand hover:underline" href="/homoeopathie-naturprodukte/" role="menuitem">Homöopathie</a></li><li class="mb-2.5 mt-3"><a class="flex items-center hover:text-dark-brand hover:underline" href="/hygiene-haushalt/" role="menuitem">Hygiene &amp; Haushalt</a></li><li class="mb-2.5 mt-3"><a class="flex items-center hover:text-dark-brand hover:underline" href="/nachhaltigkeit/" role="menuitem">Nachhaltigkeit</a></li><li class="mb-2.5 mt-3"><a class="flex items-center hover:text-dark-brand hover:underline" href="/sanitaetshaus/" role="menuitem">Sanitätshaus</a></li><li class="mb-2.5 mt-3"><a class="flex items-center hover:text-dark-brand hover:underline" href="/sport-fitness/" role="menuitem">Sport &amp; Fitness</a></li><li class="mb-2.5 mt-3"><a class="flex items-center hover:text-dark-brand hover:underline" href="/tierapotheke/" role="menuitem">Tierapotheke &amp; Tierbedarf</a></li></ul></div><div class="flex flex-1 flex-col p-4"><h3 class="mb-3.5 whitespace-nowrap text-m font-bold leading-xl tracking-[.05rem]">Auch interessant</h3><ul><li class="mb-2.5 mt-3"><a class="flex items-center hover:text-dark-brand hover:underline" href="/markenshops/" role="menuitem">Markenshops</a></li><li class="mb-2.5 mt-3"><a class="flex items-center hover:text-dark-brand hover:underline" data-qa-id="ratgeber-link" href="/ratgeber/" role="menuitem">Shop Apotheke Ratgeber</a></li><li class="mb-2.5 mt-3"><a class="flex items-center hover:text-dark-brand hover:underline" href="/medikamenten-lexikon/" role="menuitem">Medikamenten-Lexikon</a></li><li class="mb-2.5 mt-3"><a class="flex items-center hover:text-dark-brand hover:underline" href="/e-rezept-einloesen/" role="menuitem">Das E-Rezept</a></li><li class="mb-2.5 mt-3"><a class="flex items-center hover:text-dark-brand hover:underline" href="/magazin/familie/" role="menuitem">Familien Magazin</a></li><li class="mb-2.5 mt-3"><a class="flex items-center hover:text-dark-brand hover:underline" href="/nx/redpoints/" role="menuitem">RedPoints</a></li><li class="mb-2.5 mt-3"><a class="flex items-center hover:text-dark-brand hover:underline" href="/lp/gutscheine/" role="menuitem">Gutscheine</a></li><li class="mb-2.5 mt-3"><a class="flex items-center hover:text-dark-brand hover:underline" href="/medikamenten-app/" role="menuitem">Medikations-App</a></li><li class="mb-2.5 mt-3"><a class="flex items-center hover:text-dark-brand hover:underline" href="/lp/shop-apotheke-app/" role="menuitem">Unsere App downloaden und 10 % sparen⁴</a></li><li class="mb-2.5 mt-3"><a class="flex items-center hover:text-dark-brand hover:underline" href="/wechselwirkungen" role="menuitem">Wechselwirkungscheck</a></li></ul></div><div class="pr-4 pt-4"><a href="/e-rezept-elektronische-gesundheitskarte/"><img alt="" loading="lazy" width="200" height="292" decoding="async" data-nimg="1" style="color:transparent" src="https://cdn.sa-tech.de/homeone/main/_next/static/media/e-prescription-banner.ab0ccfe7.png"></a></div></div></div></div></li><li class="my-4 border-r border-dark-primary-max"></li><li><a class="group flex h-14 items-center whitespace-nowrap fill-dark-primary-max px-3.5 font-medium text-dark-primary-max hover:fill-dark-hover-brand hover:text-dark-hover-brand" href="/arzneimittel/">Arzneimittel</a></li><li><a class="group flex h-14 items-center whitespace-nowrap fill-dark-primary-max px-3.5 font-medium text-dark-primary-max hover:fill-dark-hover-brand hover:text-dark-hover-brand" href="/baby-und-familie/">Familie</a></li><li><a class="group flex h-14 items-center whitespace-nowrap fill-dark-primary-max px-3.5 font-medium text-dark-primary-max hover:fill-dark-hover-brand hover:text-dark-hover-brand" href="/beautyprodukte-und-pflegeprodukte/">Beauty &amp; Pflege</a></li><li><a class="group flex h-14 items-center whitespace-nowrap fill-dark-primary-max px-3.5 font-medium text-dark-primary-max hover:fill-dark-hover-brand hover:text-dark-hover-brand" href="/sanitaetshaus/">Sanitätshaus</a></li><li><a class="group flex h-14 items-center whitespace-nowrap fill-dark-primary-max px-3.5 font-medium text-dark-primary-max hover:fill-dark-hover-brand hover:text-dark-hover-brand" href="/angebote/">Angebote</a></li><li><a class="group flex h-14 items-center whitespace-nowrap fill-dark-primary-max px-3.5 font-medium text-dark-primary-max hover:fill-dark-hover-brand hover:text-dark-hover-brand" href="/nx/redpoints/">RedPoints</a></li><li class="flex items-center pr-3.5"><a class="whitespace-nowrap rounded-2xl bg-light-tertiary px-2 py-0.5 text-[10px] font-medium leading-[1.5]" data-qa-id="menubar-bonus-link" href="/e-rezept-elektronische-gesundheitskarte/">Bis zu 10 € sparen<sup>28</sup></a></li></ul><ul class="flex max-h-14 flex-wrap overflow-hidden last-of-type:shrink-0"><li><a class="group flex h-14 items-center whitespace-nowrap fill-dark-primary-max px-3.5 font-medium text-dark-primary-max hover:fill-dark-hover-brand hover:text-dark-hover-brand" href="/e-rezept-einloesen/">Rezept einlösen</a></li><li class="flex items-center pr-3.5"><a class="whitespace-nowrap rounded-2xl bg-light-tertiary px-2 py-0.5 text-[10px] font-medium leading-[1.5]" data-qa-id="menubar-bonus-link" href="/e-rezept-elektronische-gesundheitskarte/">Bis zu 10 € sparen<sup>28</sup></a></li></ul></div></nav></div></div><header class="sticky top-0 z-20 tablet:hidden"><div class="flex items-center justify-between border-b border-b-dark-primary-low bg-light-primary-low pt-0.5 px-2"><ul><li><div><button type="button" class="button button_large button_primary button_text flex items-center bg-transparent pl-1 pr-4 text-dark-primary-max hover:bg-transparent" data-qa-id="m-hamburger-menu"><span class="button__icon button__icon_start"><svg viewBox="0 0 24 24" xmlns="http://www.w3.org/2000/svg" width="1em" height="1em" fill="currentColor" class="text-3xl"><path fill-rule="evenodd" d="M2 6a1 1 0 0 1 1-1h18a1 1 0 1 1 0 2H3a1 1 0 0 1-1-1m0 6a1 1 0 0 1 1-1h18a1 1 0 1 1 0 2H3a1 1 0 0 1-1-1m0 6a1 1 0 0 1 1-1h18a1 1 0 1 1 0 2H3a1 1 0 0 1-1-1" clip-rule="evenodd"></path></svg></span><span class="hidden">Menü</span></button><nav aria-hidden="true" class="fixed left-0 top-0 z-20 flex h-full w-10/12 overflow-hidden border-r border-r-light-primary-low bg-light-primary-low transition-transform duration-300 ease-in-out hidden -translate-x-full"><div class="relative flex size-full flex-col"><h3 class="flex items-center justify-between bg-light-brand-high pl-3.5 text-m font-bold leading-xl text-dark-primary-max">Startseite<button class="min-h-14 fill-dark-primary-max px-3.5" type="button"><svg viewBox="0 0 24 24" xmlns="http://www.w3.org/2000/svg" width="1em" height="1em" fill="currentColor" class="size-8"><path d="M17.656 7.757a1 1 0 0 0-1.414-1.414L12 10.586 7.757 6.343a1 1 0 0 0-1.414 1.414L10.585 12l-4.242 4.243a1 1 0 1 0 1.414 1.414L12 13.414l4.242 4.243a1 1 0 0 0 1.414-1.414L13.414 12z"></path></svg><span class="sr-only">Schließen</span></button></h3><div class="flex h-full flex-col overflow-auto bg-light-primary-medium"><ul class="pl-5"><li class="flex h-12 items-center"><a class="flex w-full items-center gap-1 py-2.5" data-qa-id="form-off-canvas-login" href="/nx/login/"><svg viewBox="0 0 24 24" xmlns="http://www.w3.org/2000/svg" width="1em" height="1em" fill="currentColor" class="size-8 fill-dark-primary-max p-0.5"><path fill-rule="evenodd" d="M12 4a4 4 0 1 0 0 8 4 4 0 0 0 0-8m3.48 8.888a6 6 0 1 0-6.96 0c-2.577 1.354-4.76 4.155-6.425 7.686a1 1 0 1 0 1.81.852C6.206 16.544 9.127 14 12 14s5.794 2.544 8.096 7.426a1 1 0 1 0 1.808-.852c-1.664-3.531-3.847-6.332-6.424-7.686" clip-rule="evenodd"></path></svg>Anmelden oder Registrieren</a></li></ul><ul class="bg-light-primary-low"><li class="relative"><a class="flex h-12 items-center justify-between px-5 after:absolute after:inset-x-5 after:bottom-0 after:h-0 after:border-b after:border-dark-primary-min" href="/e-rezept-einloesen/"><span class="flex w-full flex-row items-center gap-1"><svg xmlns="http://www.w3.org/2000/svg" viewBox="0 0 100 100" width="1em" height="1em" fill="currentColor" class="text-3xl fill-dark-redpoints p-0.5"><path d="M88.442 8.396c3.615 0 6.558 2.77 6.558 6.177v40.24c0 3.205-2.62 5.82-5.943 6.115l1.845 8.455c.402 1.852.062 3.752-.963 5.346s-2.607 2.697-4.46 3.099L23.084 91.441a7 7 0 0 1-1.514.163 7.11 7.11 0 0 1-6.931-5.585L5.163 42.594a7.11 7.11 0 0 1 5.422-8.448l8.015-1.748V14.573c0-3.407 2.943-6.177 6.563-6.177zM74.499 25.102a2.3 2.3 0 0 0-.51.057l-62.396 13.61a2.37 2.37 0 0 0-1.807 2.818l9.472 43.424a2.37 2.37 0 0 0 1.036 1.488c.53.341 1.162.452 1.78.319l62.399-13.612a2.365 2.365 0 0 0 1.807-2.815l-9.472-43.424a2.37 2.37 0 0 0-1.036-1.488 2.37 2.37 0 0 0-1.273-.376zM25.997 65.526c.904-.199 1.675-.095 2.297.303.71.457 1.197 1.275 1.448 2.434.3 1.37.159 2.273-.5 2.955.966.322 1.316 1.091 1.593 2.363l.282 1.294c.073.324.182.632.286.93s.206.603.277.918c.106.487-.206 1.105-1.145 1.311-1.02.229-1.732-.151-1.975-1.057l-.776-3.071c-.18-.688-.525-.911-1.247-.755l-.686.151.882 4.041c.177.828-.293 1.583-1.1 1.758a1.4 1.4 0 0 1-.322.035 1.4 1.4 0 0 1-.755-.215 1.5 1.5 0 0 1-.651-.96l-2.167-9.938c-.11-.502-.066-.897.135-1.206s.537-.509 1.034-.615zm11.167-2.438q.712-.153 1.183.128c.289.175.483.468.565.849s.026.726-.161 1.003q-.306.454-1.022.61l-3.052.667.483 2.21 2.836-.617c.485-.111.897-.059 1.206.144.272.175.459.464.537.833.085.379.028.726-.16 1.005-.2.3-.543.506-1.02.608l-2.835.62.584 2.676 3.17-.691c.916-.194 1.57.166 1.746.979.08.369.03.71-.144.984-.201.312-.551.525-1.04.632l-4.496.982a2.4 2.4 0 0 1-.494.057q-.406 0-.703-.187c-.312-.199-.518-.539-.627-1.041l-2.108-9.671c-.218-.994.177-1.606 1.17-1.824zm10.049-2.19c.499-.111.916-.066 1.23.135q.406.261.528.821c.085.388.03.861-.168 1.443L46.1 71.688l3.442-.75c.913-.199 1.568.166 1.746.979.083.379.028.726-.161 1.005-.203.3-.546.506-1.022.61l-5.588 1.218a1.7 1.7 0 0 1-.381.043c-.748 0-1.254-.509-1.377-1.069-.078-.367-.047-.636.154-1.259l2.668-8.5-2.978.648c-.913.199-1.568-.166-1.744-.972-.083-.383-.028-.731.159-1.008.2-.3.546-.506 1.022-.61l5.172-1.125zm9.389-2.049c.908-.196 1.573.163 1.75.977.08.367.029.707-.146.982q-.303.47-1.04.632l-3.051.665.483 2.21 2.836-.617c.48-.109.892-.057 1.206.144.272.177.459.466.537.835.085.379.028.726-.16 1.003q-.304.454-1.02.61l-2.835.62.584 2.676 3.17-.691c.908-.201 1.568.168 1.746.979.08.369.03.71-.144.984-.201.312-.551.525-1.04.632l-4.496.982a2.3 2.3 0 0 1-.492.057q-1.061-.002-1.332-1.228L51.05 61.63c-.11-.502-.066-.894.132-1.204s.539-.511 1.039-.62zm-29.72 10.354c-.267-1.209-.684-1.344-1.464-1.171l-.686.151.622 2.846.584-.128c.62-.135 1.218-.442.944-1.699zm37.704-12.096c1.055-.229 1.942-.106 2.633.355.738.492 1.249 1.372 1.519 2.612.506 2.328-.407 4.102-2.328 4.521l-1.658.362.854 3.906a1.5 1.5 0 0 1-.187 1.138 1.43 1.43 0 0 1-.908.622 1.5 1.5 0 0 1-.326.035c-.672 0-1.25-.464-1.408-1.178l-2.167-9.938c-.215-.991.177-1.604 1.173-1.822zm11.875-2.59c.918-.199 1.568.168 1.746.977.08.369.03.707-.144.982-.201.312-.551.525-1.04.632l-1.487.324 1.93 8.843c.09.412.02.819-.192 1.145a1.44 1.44 0 0 1-.906.615 1.5 1.5 0 0 1-.322.035 1.4 1.4 0 0 1-.771-.227 1.5 1.5 0 0 1-.64-.951l-1.93-8.843-1.487.324c-.923.199-1.568-.166-1.746-.972-.177-.814.265-1.417 1.183-1.616zm-11.188 5.161c-.222-.182-.487-.234-.83-.159l-.835.185.65 2.978.72-.156c.289-.064 1.17-.255.852-1.713-.118-.546-.308-.927-.556-1.136zm-40.08-18.905a2.37 2.37 0 0 1 2.814 1.805l.99 4.54 4.54-.989a2.37 2.37 0 0 1 2.816 1.807 2.365 2.365 0 0 1-1.807 2.815l-4.537.989.989 4.537a2.37 2.37 0 0 1-1.807 2.818 2.5 2.5 0 0 1-.504.054 2.366 2.366 0 0 1-2.31-1.862l-.988-4.537-4.542.989a2.3 2.3 0 0 1-.506.054 2.36 2.36 0 0 1-2.307-1.862 2.36 2.36 0 0 1 1.805-2.815l4.537-.991-.99-4.537a2.363 2.363 0 0 1 1.808-2.815zm63.249-27.646h-63.28c-.99 0-1.83.662-1.83 1.445v16.794l49.65-10.83a7.04 7.04 0 0 1 5.347.96 7.05 7.05 0 0 1 3.099 4.462l6.61 30.297h.405c.989 0 1.826-.66 1.826-1.443V14.573c0-.783-.837-1.445-1.826-1.445zM60.439 44.8a2.364 2.364 0 0 1 2.813 1.807 2.36 2.36 0 0 1-1.805 2.815l-12.801 2.791a2.366 2.366 0 0 1-1.008-4.623zm8.652-10.673c1.275-.282 2.536.532 2.813 1.81s-.528 2.536-1.805 2.815l-23.283 5.077a2.3 2.3 0 0 1-.506.054 2.366 2.366 0 0 1-.502-4.677z"></path></svg>Rezept einlösen</span></a></li><li class="relative"><a class="flex h-12 items-center justify-between px-5 after:absolute after:inset-x-5 after:bottom-0 after:h-0 after:border-b after:border-dark-primary-min" href="/lp/eigenmarken/"><span class="flex w-full flex-row items-center gap-1">Unsere Eigenmarken</span></a></li><li class="relative"><a class="flex h-12 items-center justify-between px-5 after:absolute after:inset-x-5 after:bottom-0 after:h-0 after:border-b after:border-dark-primary-min" href="/angebote/"><span class="flex w-full flex-row items-center gap-1">Top Angebote</span></a></li><li class="relative"><a class="flex h-12 items-center justify-between px-5 after:absolute after:inset-x-5 after:bottom-0 after:h-0 after:border-b after:border-dark-primary-min" href="/gratis-aktionen/"><span class="flex w-full flex-row items-center gap-1">Aktionen &amp; Sets</span></a></li><li class="relative"><a class="flex h-12 items-center justify-between px-5 after:absolute after:inset-x-5 after:bottom-0 after:h-0 after:border-b after:border-dark-primary-min" href="/aktion-vier/"><span class="flex w-full flex-row items-center gap-1">Ergänzungsfuttermittel für Tiere</span></a></li><li class="relative"><a class="flex h-12 items-center justify-between px-5 after:absolute after:inset-x-5 after:bottom-0 after:h-0 after:border-b after:border-dark-primary-min" href="/nachhaltigkeit-naturkosmetik/"><span class="flex w-full flex-row items-center gap-1">Naturkosmetik</span></a></li><li class="relative"><a class="flex h-12 items-center justify-between px-5 after:absolute after:inset-x-5 after:bottom-0 after:h-0 after:border-b after:border-dark-primary-min" href="/geschenkideen/ "><span class="flex w-full flex-row items-center gap-1">Weihnachtliche Geschenkideen</span></a></li><li class="relative"><a class="flex h-12 items-center justify-between px-5 after:absolute after:inset-x-5 after:bottom-0 after:h-0 after:border-b after:border-dark-primary-min" href="/kontaktlinsen/"><span class="flex w-full flex-row items-center gap-1"><svg viewBox="0 0 24 24" xmlns="http://www.w3.org/2000/svg" width="1em" height="1em" fill="currentColor" class="text-3xl fill-dark-redpoints"><path fill-rule="evenodd" d="M4.087 7.984c.674 1.357 2.848 3.797 7.383 3.975.305-.345.65-.655 1.028-.92q-.246.025-.498.025a4.778 4.778 0 0 1-4.587-6.121c-1.863.879-2.897 2.18-3.326 3.041m6.178-3.868a2.778 2.778 0 1 0 3.47 0A13 13 0 0 0 12 4q-.928.002-1.735.116m6.322.827c.124.426.191.877.191 1.343a4.77 4.77 0 0 1-1.828 3.759 5.9 5.9 0 0 1 2.877.26c1.105-.78 1.766-1.678 2.085-2.32-.428-.863-1.462-2.164-3.325-3.042m3.106 6.441c1.202-1.031 1.93-2.181 2.247-3.06a1 1 0 0 0 0-.68C21.203 5.6 18.195 2 12 2S2.798 5.599 2.06 7.645a1 1 0 0 0 0 .68c.668 1.852 3.2 4.982 8.278 5.553a5.873 5.873 0 1 0 9.355-2.494m-3.82.589a3.873 3.873 0 1 0 0 7.746 3.873 3.873 0 0 0 0-7.746m1.947 2.873a1 1 0 0 1 1 1 2.947 2.947 0 0 1-2.947 2.946 1 1 0 0 1 0-2 .947.947 0 0 0 .947-.946 1 1 0 0 1 1-1" clip-rule="evenodd"></path></svg>Kontaktlinsen</span></a></li><li class="relative"><a class="flex h-12 items-center justify-between px-5 after:absolute after:inset-x-5 after:bottom-0 after:h-0 after:border-b after:border-dark-primary-min" href="/redpoints-promotions/"><span class="flex w-full flex-row items-center gap-1"><svg xmlns="http://www.w3.org/2000/svg" viewBox="0 0 100 100" width="1em" height="1em" fill="currentColor" class="text-3xl fill-dark-redpoints"><path d="M54.81 47.24a4.9 4.9 0 0 1 1.05 2.428h-6.836a4.7 4.7 0 0 1 .193-1.007 3 3 0 0 1 .564-1.064 3.2 3.2 0 0 1 1.064-.846 3.7 3.7 0 0 1 1.672-.339 2.95 2.95 0 0 1 2.293.828M90.749 50A40.749 40.749 0 1 1 50 9.251 40.75 40.75 0 0 1 90.749 50m-47.91 8.961a3.1 3.1 0 0 1-.491-1.079 10 10 0 0 1-.237-1.347q-.072-.71-.1-1.392c-.028-.682-.043-.848-.062-1.183a12 12 0 0 0-.222-1.6 5.3 5.3 0 0 0-.515-1.464 4 4 0 0 0-.921-1.154 3.5 3.5 0 0 0-1.421-.728v-.057a4.94 4.94 0 0 0 2.563-2.072 6.4 6.4 0 0 0 .785-3.228 6 6 0 0 0-.428-2.264 5.6 5.6 0 0 0-1.243-1.85 5.9 5.9 0 0 0-1.956-1.257 6.8 6.8 0 0 0-2.558-.458h-11.4v21.133h4.649V50.7h4.644a3.47 3.47 0 0 1 2.519.768 4.23 4.23 0 0 1 1.008 2.432c.116.848.207 1.737.265 2.664a8.2 8.2 0 0 0 .472 2.4zm6.185-6.629h11.042a10.9 10.9 0 0 0-.3-3.4 8.3 8.3 0 0 0-1.344-2.9A6.8 6.8 0 0 0 56.039 44a7.3 7.3 0 0 0-3.406-.756 7.9 7.9 0 0 0-3.18.622 7.42 7.42 0 0 0-4.071 4.263 8.9 8.9 0 0 0-.563 3.2 9.3 9.3 0 0 0 .549 3.257 7.4 7.4 0 0 0 1.556 2.543 6.7 6.7 0 0 0 2.457 1.643 8.7 8.7 0 0 0 3.252.578 8 8 0 0 0 4.441-1.185 7 7 0 0 0 2.726-3.94h-3.7a2.6 2.6 0 0 1-1.122 1.347 4.31 4.31 0 0 1-4.914-.28 4.25 4.25 0 0 1-1.04-2.96m28.442-14.5h-4.2v7.694H73.2a4.5 4.5 0 0 0-1.937-1.7 6 6 0 0 0-2.591-.578 6.18 6.18 0 0 0-5.072 2.424 7.8 7.8 0 0 0-1.275 2.528 10.4 10.4 0 0 0-.429 2.974 11 11 0 0 0 .429 3.076 8.2 8.2 0 0 0 1.275 2.625 6.05 6.05 0 0 0 2.144 1.806 6.54 6.54 0 0 0 3.02.665 6.46 6.46 0 0 0 2.707-.547 4.32 4.32 0 0 0 1.937-1.792h.063v1.954h3.993zM34.375 41.44h-5.092v5.95h5.092a3.5 3.5 0 0 0 2.394-.711 2.94 2.94 0 0 0 .8-2.31 2.8 2.8 0 0 0-.8-2.233 3.55 3.55 0 0 0-2.394-.696m38.255 6.467a3.5 3.5 0 0 0-1.113-1.081 3.26 3.26 0 0 0-1.715-.414 3.44 3.44 0 0 0-1.749.414 3.26 3.26 0 0 0-1.137 1.1 4.7 4.7 0 0 0-.621 1.553A8.3 8.3 0 0 0 66.1 51.3a7.7 7.7 0 0 0 .207 1.776 4.8 4.8 0 0 0 .665 1.582 3.65 3.65 0 0 0 1.156 1.125 3.1 3.1 0 0 0 1.672.429 3.3 3.3 0 0 0 1.729-.415 3.17 3.17 0 0 0 1.113-1.108 5.1 5.1 0 0 0 .593-1.584 9.6 9.6 0 0 0 .173-1.836 9.3 9.3 0 0 0-.173-1.818 4.5 4.5 0 0 0-.605-1.544"></path></svg>RedPoints Aktionen</span></a></li><li class="relative"><a class="flex h-12 items-center justify-between px-5 after:absolute after:inset-x-5 after:bottom-0 after:h-0 after:border-b after:border-dark-primary-min" href="/now/"><span class="flex w-full flex-row items-center gap-1"><svg viewBox="0 0 24 24" xmlns="http://www.w3.org/2000/svg" width="1em" height="1em" fill="currentColor" class="text-3xl fill-dark-redpoints"><path fill-rule="evenodd" d="M12 22c5.523 0 10-4.477 10-10S17.523 2 12 2 2 6.477 2 12s4.477 10 10 10m1-16a1 1 0 1 0-2 0v5H9a1 1 0 1 0 0 2h2a2 2 0 0 0 2-2z" clip-rule="evenodd"></path></svg>Now! Produkte</span></a></li><li class="relative"><a class="flex h-12 items-center justify-between px-5 after:absolute after:inset-x-5 after:bottom-0 after:h-0 after:border-b after:border-dark-primary-min" href="/online-arzt-service.htm"><span class="flex w-full flex-row items-center gap-1"><svg xmlns="http://www.w3.org/2000/svg" viewBox="0 0 24 24" width="1em" height="1em" fill="currentColor" class="text-3xl fill-dark-redpoints"><path d="M21.997 12.258 22 12c0-5.523-4.477-10-10-10a9.96 9.96 0 0 0-4.368 1.002 10.04 10.04 0 0 0-4.846 5.106A10 10 0 0 0 2 12.074c.035 4.838 3.507 8.853 8.094 9.74V15.47c-2.224-.32-3.981-2.365-3.981-4.764V6.803c0-.69.56-1.25 1.25-1.25h.856a.625.625 0 1 1 0 1.25h-.856v3.904c0 1.881 1.423 3.485 3.174 3.577a3.36 3.36 0 0 0 2.491-.917 3.33 3.33 0 0 0 1.047-2.435V6.803h-.856a.625.625 0 1 1 0-1.25h.856c.69 0 1.25.56 1.25 1.25v4.129c0 1.277-.51 2.463-1.437 3.342a4.55 4.55 0 0 1-2.544 1.206v6.487l.13.009c.17.012.34.024.514.024h.104a9.95 9.95 0 0 0 4.058-.91v-2.747a2.08 2.08 0 0 1-1.456-1.974 2.082 2.082 0 0 1 4.163 0c0 .928-.616 1.707-1.457 1.974v2.065c2.697-1.736 4.51-4.726 4.597-8.15"></path><path d="M15.944 16.369a.832.832 0 1 0 1.663 0 .832.832 0 0 0-1.663 0"></path></svg>Online-Arzt-Service</span></a></li><li class="relative"><a class="flex h-12 items-center justify-between px-5 after:absolute after:inset-x-5 after:bottom-0 after:h-0 after:border-b after:border-dark-primary-min" href="/versandapotheke_kontakt.htm"><span class="flex w-full flex-row items-center gap-1">Kontakt</span></a></li></ul><ul class="grow"><li class="relative font-bold"><a class="flex h-12 items-center justify-between px-5 after:absolute after:inset-x-5 after:bottom-0 after:h-0 after:border-b after:border-dark-primary-min" href="/arzneimittel/"><span class="flex w-full flex-row items-center gap-1">Arzneimittel &amp; Gesundheit</span><svg viewBox="0 0 24 24" xmlns="http://www.w3.org/2000/svg" width="1em" height="1em" fill="currentColor" class="size-6 shrink-0 grow"><path fill-rule="evenodd" d="M9.543 18.707a1 1 0 0 1 0-1.414L14.836 12 9.543 6.707a1 1 0 0 1 1.414-1.414l5.293 5.293a2 2 0 0 1 0 2.828l-5.293 5.293a1 1 0 0 1-1.414 0" clip-rule="evenodd"></path></svg></a></li><li class="relative font-bold"><a class="flex h-12 items-center justify-between px-5 after:absolute after:inset-x-5 after:bottom-0 after:h-0 after:border-b after:border-dark-primary-min" href="/baby-und-familie/"><span class="flex w-full flex-row items-center gap-1">Baby &amp; Familie</span><svg viewBox="0 0 24 24" xmlns="http://www.w3.org/2000/svg" width="1em" height="1em" fill="currentColor" class="size-6 shrink-0 grow"><path fill-rule="evenodd" d="M9.543 18.707a1 1 0 0 1 0-1.414L14.836 12 9.543 6.707a1 1 0 0 1 1.414-1.414l5.293 5.293a2 2 0 0 1 0 2.828l-5.293 5.293a1 1 0 0 1-1.414 0" clip-rule="evenodd"></path></svg></a></li><li class="relative font-bold"><a class="flex h-12 items-center justify-between px-5 after:absolute after:inset-x-5 after:bottom-0 after:h-0 after:border-b after:border-dark-primary-min" href="/beautyprodukte-und-pflegeprodukte/"><span class="flex w-full flex-row items-center gap-1">Beauty &amp; Pflege</span><svg viewBox="0 0 24 24" xmlns="http://www.w3.org/2000/svg" width="1em" height="1em" fill="currentColor" class="size-6 shrink-0 grow"><path fill-rule="evenodd" d="M9.543 18.707a1 1 0 0 1 0-1.414L14.836 12 9.543 6.707a1 1 0 0 1 1.414-1.414l5.293 5.293a2 2 0 0 1 0 2.828l-5.293 5.293a1 1 0 0 1-1.414 0" clip-rule="evenodd"></path></svg></a></li><li class="relative font-bold"><a class="flex h-12 items-center justify-between px-5 after:absolute after:inset-x-5 after:bottom-0 after:h-0 after:border-b after:border-dark-primary-min" href="/bio-naturprodukte/"><span class="flex w-full flex-row items-center gap-1">Bio &amp; Naturprodukte</span><svg viewBox="0 0 24 24" xmlns="http://www.w3.org/2000/svg" width="1em" height="1em" fill="currentColor" class="size-6 shrink-0 grow"><path fill-rule="evenodd" d="M9.543 18.707a1 1 0 0 1 0-1.414L14.836 12 9.543 6.707a1 1 0 0 1 1.414-1.414l5.293 5.293a2 2 0 0 1 0 2.828l-5.293 5.293a1 1 0 0 1-1.414 0" clip-rule="evenodd"></path></svg></a></li><li class="relative font-bold"><a class="flex h-12 items-center justify-between px-5 after:absolute after:inset-x-5 after:bottom-0 after:h-0 after:border-b after:border-dark-primary-min" href="/buecher/"><span class="flex w-full flex-row items-center gap-1">Bücher</span><svg viewBox="0 0 24 24" xmlns="http://www.w3.org/2000/svg" width="1em" height="1em" fill="currentColor" class="size-6 shrink-0 grow"><path fill-rule="evenodd" d="M9.543 18.707a1 1 0 0 1 0-1.414L14.836 12 9.543 6.707a1 1 0 0 1 1.414-1.414l5.293 5.293a2 2 0 0 1 0 2.828l-5.293 5.293a1 1 0 0 1-1.414 0" clip-rule="evenodd"></path></svg></a></li><li class="relative font-bold"><a class="flex h-12 items-center justify-between px-5 after:absolute after:inset-x-5 after:bottom-0 after:h-0 after:border-b after:border-dark-primary-min" href="/ernaehrung-sport-abnehmen/"><span class="flex w-full flex-row items-center gap-1">Ernährung &amp; Abnehmen</span><svg viewBox="0 0 24 24" xmlns="http://www.w3.org/2000/svg" width="1em" height="1em" fill="currentColor" class="size-6 shrink-0 grow"><path fill-rule="evenodd" d="M9.543 18.707a1 1 0 0 1 0-1.414L14.836 12 9.543 6.707a1 1 0 0 1 1.414-1.414l5.293 5.293a2 2 0 0 1 0 2.828l-5.293 5.293a1 1 0 0 1-1.414 0" clip-rule="evenodd"></path></svg></a></li><li class="relative font-bold"><a class="flex h-12 items-center justify-between px-5 after:absolute after:inset-x-5 after:bottom-0 after:h-0 after:border-b after:border-dark-primary-min" href="/homoeopathie-naturprodukte/"><span class="flex w-full flex-row items-center gap-1">Homöopathie</span><svg viewBox="0 0 24 24" xmlns="http://www.w3.org/2000/svg" width="1em" height="1em" fill="currentColor" class="size-6 shrink-0 grow"><path fill-rule="evenodd" d="M9.543 18.707a1 1 0 0 1 0-1.414L14.836 12 9.543 6.707a1 1 0 0 1 1.414-1.414l5.293 5.293a2 2 0 0 1 0 2.828l-5.293 5.293a1 1 0 0 1-1.414 0" clip-rule="evenodd"></path></svg></a></li><li class="relative font-bold"><a class="flex h-12 items-center justify-between px-5 after:absolute after:inset-x-5 after:bottom-0 after:h-0 after:border-b after:border-dark-primary-min" href="/hygiene-haushalt/"><span class="flex w-full flex-row items-center gap-1">Hygiene &amp; Haushalt</span></a></li><li class="relative font-bold"><a class="flex h-12 items-center justify-between px-5 after:absolute after:inset-x-5 after:bottom-0 after:h-0 after:border-b after:border-dark-primary-min" href="/nachhaltigkeit/"><span class="flex w-full flex-row items-center gap-1">Nachhaltigkeit</span><svg viewBox="0 0 24 24" xmlns="http://www.w3.org/2000/svg" width="1em" height="1em" fill="currentColor" class="size-6 shrink-0 grow"><path fill-rule="evenodd" d="M9.543 18.707a1 1 0 0 1 0-1.414L14.836 12 9.543 6.707a1 1 0 0 1 1.414-1.414l5.293 5.293a2 2 0 0 1 0 2.828l-5.293 5.293a1 1 0 0 1-1.414 0" clip-rule="evenodd"></path></svg></a></li><li class="relative font-bold"><a class="flex h-12 items-center justify-between px-5 after:absolute after:inset-x-5 after:bottom-0 after:h-0 after:border-b after:border-dark-primary-min" href="/sanitaetshaus/"><span class="flex w-full flex-row items-center gap-1">Sanitätshaus</span></a></li><li class="relative font-bold"><a class="flex h-12 items-center justify-between px-5 after:absolute after:inset-x-5 after:bottom-0 after:h-0 after:border-b after:border-dark-primary-min" href="/sport-fitness/"><span class="flex w-full flex-row items-center gap-1">Sport &amp; Fitness</span><svg viewBox="0 0 24 24" xmlns="http://www.w3.org/2000/svg" width="1em" height="1em" fill="currentColor" class="size-6 shrink-0 grow"><path fill-rule="evenodd" d="M9.543 18.707a1 1 0 0 1 0-1.414L14.836 12 9.543 6.707a1 1 0 0 1 1.414-1.414l5.293 5.293a2 2 0 0 1 0 2.828l-5.293 5.293a1 1 0 0 1-1.414 0" clip-rule="evenodd"></path></svg></a></li><li class="relative font-bold"><a class="flex h-12 items-center justify-between px-5 after:absolute after:inset-x-5 after:bottom-0 after:h-0 after:border-b after:border-dark-primary-min" href="/tierapotheke/"><span class="flex w-full flex-row items-center gap-1">Tierapotheke &amp; Tierbedarf</span><svg viewBox="0 0 24 24" xmlns="http://www.w3.org/2000/svg" width="1em" height="1em" fill="currentColor" class="size-6 shrink-0 grow"><path fill-rule="evenodd" d="M9.543 18.707a1 1 0 0 1 0-1.414L14.836 12 9.543 6.707a1 1 0 0 1 1.414-1.414l5.293 5.293a2 2 0 0 1 0 2.828l-5.293 5.293a1 1 0 0 1-1.414 0" clip-rule="evenodd"></path></svg></a></li></ul><ul class=""><li class="relative font-bold"><a class="flex h-12 items-center justify-between px-5 after:absolute after:inset-x-5 after:bottom-0 after:h-0 after:border-b after:border-dark-primary-min" href="/markenshops/"><span class="flex w-full flex-row items-center gap-1">Markenshops</span></a></li><li class="relative font-bold"><a class="flex h-12 items-center justify-between px-5 after:absolute after:inset-x-5 after:bottom-0 after:h-0 after:border-b after:border-dark-primary-min" href="/ratgeber/"><span class="flex w-full flex-row items-center gap-1">Shop Apotheke Ratgeber</span></a></li><li class="relative font-bold"><a class="flex h-12 items-center justify-between px-5 after:absolute after:inset-x-5 after:bottom-0 after:h-0 after:border-b after:border-dark-primary-min" href="/medikamenten-lexikon/"><span class="flex w-full flex-row items-center gap-1">Medikamenten-Lexikon</span></a></li><li class="relative font-bold"><a class="flex h-12 items-center justify-between px-5 after:absolute after:inset-x-5 after:bottom-0 after:h-0 after:border-b after:border-dark-primary-min" href="/e-rezept-einloesen/"><span class="flex w-full flex-row items-center gap-1">Das E-Rezept</span></a></li><li class="relative font-bold"><a class="flex h-12 items-center justify-between px-5 after:absolute after:inset-x-5 after:bottom-0 after:h-0 after:border-b after:border-dark-primary-min" href="/magazin/familie/"><span class="flex w-full flex-row items-center gap-1">Familien Magazin</span></a></li><li class="relative font-bold"><a class="flex h-12 items-center justify-between px-5 after:absolute after:inset-x-5 after:bottom-0 after:h-0 after:border-b after:border-dark-primary-min" data-qa-id="form-RedPoints" href="/nx/redpoints/"><span class="flex w-full flex-row items-center gap-1">RedPoints</span></a></li><li class="relative font-bold"><a class="flex h-12 items-center justify-between px-5 after:absolute after:inset-x-5 after:bottom-0 after:h-0 after:border-b after:border-dark-primary-min" href="/lp/gutscheine/"><span class="flex w-full flex-row items-center gap-1">Gutscheine</span></a></li><li class="relative font-bold"><a class="flex h-12 items-center justify-between px-5 after:absolute after:inset-x-5 after:bottom-0 after:h-0 after:border-b after:border-dark-primary-min" href="/medikamenten-app/"><span class="flex w-full flex-row items-center gap-1">Medikations-App</span></a></li><li class="relative font-bold"><a class="flex h-12 items-center justify-between px-5 after:absolute after:inset-x-5 after:bottom-0 after:h-0 after:border-b after:border-dark-primary-min" href="/lp/shop-apotheke-app/"><span class="flex w-full flex-row items-center gap-1">Unsere App downloaden und 10 % sparen⁴</span></a></li><li class="relative font-bold"><a class="flex h-12 items-center justify-between px-5 after:absolute after:inset-x-5 after:bottom-0 after:h-0 after:border-b after:border-dark-primary-min" href="/wechselwirkungen"><span class="flex w-full flex-row items-center gap-1">Wechselwirkungscheck</span></a></li></ul></div></div></nav></div></li></ul><div><a href="/"><img alt="logo" loading="lazy" width="180" height="22" decoding="async" data-nimg="1" style="color:transparent" src="https://cdn.sa-tech.de/homeone/main/_next/static/media/logo-COM-rebranding.d38cb33a.svg"></a></div><ul class="flex items-center gap-2"><li class="flex"><a aria-label="Suchen" data-qa-id="m-search-button" href="/search.htm?i=1&amp;query=med" type="button" class="link link_brand px-3"><svg viewBox="0 0 24 24" xmlns="http://www.w3.org/2000/svg" width="1em" height="1em" fill="currentColor" class="fill-dark-primary-max size-8"><path fill-rule="evenodd" d="M10.5 4a6.5 6.5 0 1 0 0 13 6.5 6.5 0 0 0 0-13M2 10.5a8.5 8.5 0 1 1 15.176 5.262l4.531 4.53a1 1 0 0 1-1.414 1.415l-4.531-4.531A8.5 8.5 0 0 1 2 10.5" clip-rule="evenodd"></path></svg></a></li><li><a class="flex flex-col items-center" href="/e-rezept-einloesen/"><svg viewBox="0 0 24 24" xmlns="http://www.w3.org/2000/svg" width="1em" height="1em" fill="currentColor" class="text-2xl"><path fill-rule="evenodd" d="M2 6a2 2 0 0 1 2-2h16a2 2 0 0 1 2 2v12a2 2 0 0 1-2 2H4a2 2 0 0 1-2-2zm18 0H4v12h16zm-4 1a1 1 0 0 1 1 1v1h1a1 1 0 1 1 0 2h-1v1a1 1 0 1 1-2 0v-1h-1a1 1 0 1 1 0-2h1V8a1 1 0 0 1 1-1M5 10a1 1 0 0 1 1-1h4a1 1 0 1 1 0 2H6a1 1 0 0 1-1-1m0 4a1 1 0 0 1 1-1h4a1 1 0 1 1 0 2H6a1 1 0 0 1-1-1" clip-rule="evenodd"></path></svg><span class="whitespace-nowrap text-xs leading-none">E-Rezept</span></a></li><li class="flex"><a class="group relative flex flex-col items-center justify-end px-1.5 tablet:pr-0 py-1.5" data-qa-id="cart-button" href="/nx/cart/"><div class="flex items-start"><div class="flex"><svg viewBox="0 0 24 24" xmlns="http://www.w3.org/2000/svg" width="1em" height="1em" fill="currentColor" class="fill-dark-primary-max group-hover:fill-dark-hover-accent group-active:fill-dark-pressed-accent size-8"><path fill-rule="evenodd" d="M4.203 4.538A3 3 0 0 1 7.167 2h9.665a3 3 0 0 1 2.964 2.538l2.182 14A3 3 0 0 1 19.014 22H4.985a3 3 0 0 1-2.964-3.462zM7.167 4a1 1 0 0 0-.988.846l-2.182 14A1 1 0 0 0 4.985 20h14.029a1 1 0 0 0 .988-1.154l-2.182-14A1 1 0 0 0 16.832 4zm1.782 2a1 1 0 0 1 1 1 2 2 0 1 0 4 0 1 1 0 1 1 2 0 4 4 0 1 1-8 0 1 1 0 0 1 1-1" clip-rule="evenodd"></path></svg><span class="absolute box-border flex aspect-square min-w-[20px] items-center justify-center rounded-full border border-light-primary-strong bg-light-tertiary p-1 font-mono text-xs font-medium leading-none text-dark-primary-max tablet:static tablet:-ml-2 tablet:-mt-2 tablet:self-start top-0 ml-4"><span>0</span></span></div></div></a></li></ul></div><div class="absolute top-full w-full"><div class="h-1 w-full"><div class="h-1 bg-gradient-to-r from-light-error to-dark-error transition-[width]" style="width:0%"></div></div></div><div class="AppsFlyerBannerMounter_flyer-banner__2_OaD" id="appsflyer-container"></div></header><a class="sticky top-[58px] z-[19] flex min-h-[35px] items-center bg-light-secondary-high tablet:top-[72px]" href="/e-rezept-einloesen/"><div class="mx-auto inline-flex w-full max-w-5xl items-start px-3.5 py-0.5"><svg viewBox="0 0 24 24" xmlns="http://www.w3.org/2000/svg" width="1em" height="1em" fill="currentColor" class="mr-1 shrink-0 text-2xl"><path fill-rule="evenodd" d="M2 6a2 2 0 0 1 2-2h16a2 2 0 0 1 2 2v12a2 2 0 0 1-2 2H4a2 2 0 0 1-2-2zm18 0H4v12h16zm-4 1a1 1 0 0 1 1 1v1h1a1 1 0 1 1 0 2h-1v1a1 1 0 1 1-2 0v-1h-1a1 1 0 1 1 0-2h1V8a1 1 0 0 1 1-1M5 10a1 1 0 0 1 1-1h4a1 1 0 1 1 0 2H6a1 1 0 0 1-1-1m0 4a1 1 0 0 1 1-1h4a1 1 0 1 1 0 2H6a1 1 0 0 1-1-1" clip-rule="evenodd"></path></svg><span class="hidden py-0.5 tablet:inline-block">E-Rezept: Schnelle Lieferung direkt zu Ihnen nach Hause<sup>25</sup></span><span class="inline-block py-0.5 tablet:hidden">E-Rezept: Schnelle Lieferung direkt zu Ihnen nach Hause<sup>25</sup></span></div></a><script type="application/ld+json">{"@context":"https://schema.org","@type":"WebPage","mainEntity":{"@type":"Product","aggregateRating":{"@type":"AggregateRating","bestRating":5,"ratingCount":7,"ratingValue":5,"worstRating":1},"brand":"","description":"Homöopathisches Arzneimittel bei Erkrankungen der Atemwege","image":"https://cdn.shop-apotheke.com/images/D10/044/240/D10044240-p1.jpg","manufacturer":"Biologische Heilmittel Heel GmbH","mpn":"A036260","name":"Bronchobini®","offers":{"@type":"Offer","availability":"https://schema.org/InStock","itemCondition":"https://schema.org/NewCondition","price":12.49,"priceCurrency":"EUR","priceValidUntil":"2024-12-04","url":"https://www.shop-apotheke.com/homoeopathie/10044240/bronchobini.htm"},"review":[{"@type":"Review","author":"Mirela A.","datePublished":"2024-11-16T06:07:33.056Z","name":"Sanfte Hilfe bei Husten - perfekt für Kinder ","reviewBody":"Als Mutter achte ich besonders darauf, meinen Kindern sanfte und gut verträgliche Medikamente zu geben. Die Bronchibini Globuli haben mich wirklich überzeugt. Mein Sohn hatte immer wieder mit Reizhusten zu kämpfen, und die Globuli haben ihm spürbar geholfen. Ich finde es toll, dass sie rein natürlich sind und keinen bitteren Geschmack haben – mein Kind nimmt sie problemlos ein. Außerdem schätze ich, dass sie keine Nebenwirkungen haben. Ein Produkt, das ich jeder Mama empfehlen kann!","reviewRating":{"@type":"Rating","bestRating":5,"ratingValue":5,"worstRating":1}},{"@type":"Review","author":"Carmen S.","datePublished":"2023-12-09T15:17:42.024Z","name":"Bronchobini","reviewBody":"Seit ca. 4 Jahren gebe ich meinem Sohn, der sensible Bronchien hat, bei beginnendem Husten die Globuli Bronchobini. Seitdem gesundet er innerhalb von wenigen Tagen und hat seitdem auch kein Antibiotikum mehr gebraucht. Ich kann die Globuli von Bronchobini definitiv bei beginnendem Husten weiterempfehlen, sie helfen dem Körper sich selbst zu helfen und kräftiger zu werden. ","reviewRating":{"@type":"Rating","bestRating":5,"ratingValue":5,"worstRating":1}},{"@type":"Review","author":"Andrea Z.","datePublished":"2021-11-16T18:26:45Z","name":"Hilft","reviewBody":"Habe die Kügelchen schon im Gebrauch seit meine Kinder ein Jahr alt waren. Das Beste was ich bis jetzt ausprobiert habe. Hilft sehr gut bei Kindern und Erwachsenen. Nehme sie selbst sehr gerne bei Husten und Schnupfen. Da es Globoli sind sollten sie aber länger eingenommen weden bis sie die volle Wirkung entfalten.","reviewRating":{"@type":"Rating","bestRating":5,"ratingValue":5,"worstRating":1}},{"@type":"Review","author":"Sabine G.","datePublished":"2020-01-27T21:43:08Z","name":"Sehr zufrieden","reviewBody":"Wir lieben dieses Produkt, es half bei unseren Sohn extrem gut. Er hatte eine sehr starke Erkältung mit Husten, die sich sehr lang hinzog als er 7 Monaten alt war. Er dürfte bis auf Nasen Tropfen nichts nehmen, dann wurden uns diese Globuli empfohlen und nach einer Woche war alles weg. Super Produkt","reviewRating":{"@type":"Rating","bestRating":5,"ratingValue":5,"worstRating":1}},{"@type":"Review","author":"Sandra K.","datePublished":"2019-12-06T19:00:08Z","name":"Schnelle Hilfe bei Husten","reviewBody":"Wir benutzen die Bronchobini-Globulis seit unser Sohn sechs Monate alt war.Damals haben wir sie von der Apotheke empfohlen bekommen, und seitdem nie mehr wieder ausgehen lassen. Die Globulis helfen unserer ganzen Familie schnell und zuverlässig und sind meiner Meinung nach sehr zu empfehlen, vor allen wenn man nicht direkt zu stärkeren Mitteln greifen möchte!","reviewRating":{"@type":"Rating","bestRating":5,"ratingValue":5,"worstRating":1}}],"sku":"10044240"}}</script><div class="container py-3"><div class="flex h-[1lh] items-center gap-2 text-dark-primary-strong desktop:flex-wrap desktop:overflow-hidden desktop:text-xs"><span class="hidden items-center gap-2 whitespace-nowrap first:flex last:flex desktop:flex"><a href="https://www.shop-apotheke.com/" class="link capitalize no-underline hover:underline focus:underline">Home</a></span><span class="hidden items-center gap-2 whitespace-nowrap first:flex last:flex desktop:flex"><svg viewBox="0 0 24 24" xmlns="http://www.w3.org/2000/svg" width="1em" height="1em" fill="currentColor" class="size-4 shrink-0"><path fill-rule="evenodd" d="M9.543 18.707a1 1 0 0 1 0-1.414L14.836 12 9.543 6.707a1 1 0 0 1 1.414-1.414l5.293 5.293a2 2 0 0 1 0 2.828l-5.293 5.293a1 1 0 0 1-1.414 0" clip-rule="evenodd"></path></svg><a href="https://www.shop-apotheke.com/homoeopathie-naturprodukte/" class="link capitalize no-underline hover:underline focus:underline">Homöopathie</a></span><span class="hidden items-center gap-2 whitespace-nowrap first:flex last:flex desktop:flex"><svg viewBox="0 0 24 24" xmlns="http://www.w3.org/2000/svg" width="1em" height="1em" fill="currentColor" class="size-4 shrink-0"><path fill-rule="evenodd" d="M9.543 18.707a1 1 0 0 1 0-1.414L14.836 12 9.543 6.707a1 1 0 0 1 1.414-1.414l5.293 5.293a2 2 0 0 1 0 2.828l-5.293 5.293a1 1 0 0 1-1.414 0" clip-rule="evenodd"></path></svg><a href="https://www.shop-apotheke.com/homoeopathie-kinder/" class="link capitalize no-underline hover:underline focus:underline">Homöopathie für Kinder</a></span><span class="hidden items-center gap-2 whitespace-nowrap first:flex last:flex desktop:flex max-w-full overflow-hidden"><svg viewBox="0 0 24 24" xmlns="http://www.w3.org/2000/svg" width="1em" height="1em" fill="currentColor" class="size-4 shrink-0"><path fill-rule="evenodd" d="M9.543 18.707a1 1 0 0 1 0-1.414L14.836 12 9.543 6.707a1 1 0 0 1 1.414-1.414l5.293 5.293a2 2 0 0 1 0 2.828l-5.293 5.293a1 1 0 0 1-1.414 0" clip-rule="evenodd"></path></svg><a href="https://www.shop-apotheke.com/homoeopathie-erkaeltung-grippe-kinder/" class="link capitalize no-underline hover:underline focus:underline max-w-full overflow-hidden text-ellipsis">Erkältung &amp; Grippe</a></span></div></div><div class="container pt-5" data-qa-id="product-details-page"><div><div class="flex flex-col pb-2.5 tablet:flex-row"><h1 class="mb-2.5 flex-1 break-words text-xl font-medium mobile:text-2xl tablet:mb-0" data-qa-id="product-title">Bronchobini®</h1><div class="flex flex-col items-start gap-1 tablet:items-end"><span class="flex"><a aria-label="Bewertungen" class="rating text-l" href="#user-reviews-section"><span data-qa-id="active-rating-star" class="rating__item"><svg viewBox="0 0 24 24" xmlns="http://www.w3.org/2000/svg" width="1em" height="1em" fill="currentColor" class="rating__icon rating__icon_filled"><path d="M10.615 4.33c.512-1.232 2.258-1.232 2.77 0l1.173 2.82a1.5 1.5 0 0 0 1.265.919l3.044.244c1.33.106 1.869 1.766.856 2.634l-2.32 1.987a1.5 1.5 0 0 0-.483 1.487l.709 2.97c.31 1.298-1.103 2.324-2.241 1.628l-2.606-1.591a1.5 1.5 0 0 0-1.564 0l-2.606 1.591c-1.139.696-2.55-.33-2.24-1.628l.708-2.97a1.5 1.5 0 0 0-.484-1.487l-2.319-1.987c-1.013-.868-.474-2.528.856-2.634l3.044-.244a1.5 1.5 0 0 0 1.265-.92z"></path></svg></span><span data-qa-id="active-rating-star" class="rating__item"><svg viewBox="0 0 24 24" xmlns="http://www.w3.org/2000/svg" width="1em" height="1em" fill="currentColor" class="rating__icon rating__icon_filled"><path d="M10.615 4.33c.512-1.232 2.258-1.232 2.77 0l1.173 2.82a1.5 1.5 0 0 0 1.265.919l3.044.244c1.33.106 1.869 1.766.856 2.634l-2.32 1.987a1.5 1.5 0 0 0-.483 1.487l.709 2.97c.31 1.298-1.103 2.324-2.241 1.628l-2.606-1.591a1.5 1.5 0 0 0-1.564 0l-2.606 1.591c-1.139.696-2.55-.33-2.24-1.628l.708-2.97a1.5 1.5 0 0 0-.484-1.487l-2.319-1.987c-1.013-.868-.474-2.528.856-2.634l3.044-.244a1.5 1.5 0 0 0 1.265-.92z"></path></svg></span><span data-qa-id="active-rating-star" class="rating__item"><svg viewBox="0 0 24 24" xmlns="http://www.w3.org/2000/svg" width="1em" height="1em" fill="currentColor" class="rating__icon rating__icon_filled"><path d="M10.615 4.33c.512-1.232 2.258-1.232 2.77 0l1.173 2.82a1.5 1.5 0 0 0 1.265.919l3.044.244c1.33.106 1.869 1.766.856 2.634l-2.32 1.987a1.5 1.5 0 0 0-.483 1.487l.709 2.97c.31 1.298-1.103 2.324-2.241 1.628l-2.606-1.591a1.5 1.5 0 0 0-1.564 0l-2.606 1.591c-1.139.696-2.55-.33-2.24-1.628l.708-2.97a1.5 1.5 0 0 0-.484-1.487l-2.319-1.987c-1.013-.868-.474-2.528.856-2.634l3.044-.244a1.5 1.5 0 0 0 1.265-.92z"></path></svg></span><span data-qa-id="active-rating-star" class="rating__item"><svg viewBox="0 0 24 24" xmlns="http://www.w3.org/2000/svg" width="1em" height="1em" fill="currentColor" class="rating__icon rating__icon_filled"><path d="M10.615 4.33c.512-1.232 2.258-1.232 2.77 0l1.173 2.82a1.5 1.5 0 0 0 1.265.919l3.044.244c1.33.106 1.869 1.766.856 2.634l-2.32 1.987a1.5 1.5 0 0 0-.483 1.487l.709 2.97c.31 1.298-1.103 2.324-2.241 1.628l-2.606-1.591a1.5 1.5 0 0 0-1.564 0l-2.606 1.591c-1.139.696-2.55-.33-2.24-1.628l.708-2.97a1.5 1.5 0 0 0-.484-1.487l-2.319-1.987c-1.013-.868-.474-2.528.856-2.634l3.044-.244a1.5 1.5 0 0 0 1.265-.92z"></path></svg></span><span data-qa-id="active-rating-star" class="rating__item"><svg viewBox="0 0 24 24" xmlns="http://www.w3.org/2000/svg" width="1em" height="1em" fill="currentColor" class="rating__icon rating__icon_filled"><path d="M10.615 4.33c.512-1.232 2.258-1.232 2.77 0l1.173 2.82a1.5 1.5 0 0 0 1.265.919l3.044.244c1.33.106 1.869 1.766.856 2.634l-2.32 1.987a1.5 1.5 0 0 0-.483 1.487l.709 2.97c.31 1.298-1.103 2.324-2.241 1.628l-2.606-1.591a1.5 1.5 0 0 0-1.564 0l-2.606 1.591c-1.139.696-2.55-.33-2.24-1.628l.708-2.97a1.5 1.5 0 0 0-.484-1.487l-2.319-1.987c-1.013-.868-.474-2.528.856-2.634l3.044-.244a1.5 1.5 0 0 0 1.265-.92z"></path></svg></span></a><sup class="top-1 ml-1 text-dark-primary-low">27</sup></span><div class="flex flex-row-reverse flex-wrap"><a data-qa-id="number-of-ratings-text" href="#user-reviews-section" class="link link_brand text-dark-primary-max">7 Produktbewertungen</a></div></div></div><div class="mb-2.5 flex flex-wrap items-center"><button class="border-dark-primary-min bg-light-primary-low border px-2 py-1 mb-2.5 mr-2.5 flex items-center rounded-full text-xs cursor-default" type="button">homöopathisch</button><button class="border-dark-primary-min bg-light-primary-low border px-2 py-1 mb-2.5 mr-2.5 flex items-center rounded-full text-xs cursor-default" type="button">Arzneimittel</button><button class="border-dark-primary-min bg-light-primary-low border px-2 py-1 mb-2.5 mr-2.5 flex items-center rounded-full text-xs cursor-default" type="button">apothekenpflichtig</button><button class="border-dark-primary-min bg-light-primary-low border px-2 py-1 mb-2.5 mr-2.5 flex items-center rounded-full text-xs cursor-default" type="button">Now! Produkt</button><hr class="mb-2 hidden h-0.5 grow border-0 border-b border-dark-primary-min tablet:flex"></div><div class="flex flex-col pb-7 tablet:flex-row"><div class="relative tablet:w-1/2 tablet:flex-1 tablet:pr-2.5"><div class="relative flex flex-col items-center p-7 pb-3.5 tablet:px-20"><div class="relative mb-3.5 block w-full before:block before:pt-[100%]"><div class="absolute top-0 flex size-full snap-x snap-mandatory flex-nowrap overflow-auto rounded-lg border border-transparent scrollbar-hide hover:border-dark-primary-min"><button class="pointer-events-none relative w-full flex-none cursor-pointer snap-center tablet:pointer-events-auto" data-qa-id="product-image-0" type="button"><picture class="block h-full"><source sizes="(min-width: 1000px) 400px,(min-width: 920px) 320px,(min-width: 770px) 256px,(min-width: 570px) 768px,(min-width: 520px) 425px,(min-width: 470px) 375px,320px" srcset="https://cdn.shop-apotheke.com/images/400x0/D10/044/240/D10044240-p1.webp 400w, https://cdn.shop-apotheke.com/images/320x0/D10/044/240/D10044240-p1.webp 320w, https://cdn.shop-apotheke.com/images/256x0/D10/044/240/D10044240-p1.webp 256w, https://cdn.shop-apotheke.com/images/768x0/D10/044/240/D10044240-p1.webp 768w, https://cdn.shop-apotheke.com/images/425x0/D10/044/240/D10044240-p1.webp 425w, https://cdn.shop-apotheke.com/images/375x0/D10/044/240/D10044240-p1.webp 375w" type="image/webp"><img alt="Bronchobini®" class="size-full object-contain" loading="eager" sizes="(min-width: 1000px) 400px,(min-width: 920px) 320px,(min-width: 770px) 256px,(min-width: 570px) 768px,(min-width: 520px) 425px,(min-width: 470px) 375px,320px" src="https://cdn.shop-apotheke.com/images/D10/044/240/D10044240-p1.jpg" srcset="https://cdn.shop-apotheke.com/images/400x0/D10/044/240/D10044240-p1.jpg 400w, https://cdn.shop-apotheke.com/images/320x0/D10/044/240/D10044240-p1.jpg 320w, https://cdn.shop-apotheke.com/images/256x0/D10/044/240/D10044240-p1.jpg 256w, https://cdn.shop-apotheke.com/images/768x0/D10/044/240/D10044240-p1.jpg 768w, https://cdn.shop-apotheke.com/images/425x0/D10/044/240/D10044240-p1.jpg 425w, https://cdn.shop-apotheke.com/images/375x0/D10/044/240/D10044240-p1.jpg 375w"></picture></button></div><div class="absolute -left-28 top-1/2 -translate-y-1/2 -rotate-90 tablet:-left-36" data-qa-id="product-similar-image">Abbildung ähnlich</div></div><div class="absolute flex flex-col-reverse right-12 top-10 tablet:right-24"><button class="product-badge relative -mb-4 bg-light-brand-medium text-m" data-qa-id="form-RedPoints-modal" type="button">+124<span class="block text-xs">RedPoints</span></button></div></div><div class="hidden tablet:flex"><ul class="mb-5 flex w-full flex-col justify-center tablet:flex-row tablet:items-center"><li class="border-b border-b-dark-primary-min last-of-type:border-b-0 tablet:border-b-0"><button class="button button_medium button_primary button_text bg-transparent px-2.5 font-medium text-dark-primary-max hover:bg-transparent hover:text-dark-hover-brand" data-qa-id="form-add-to-wishlist-tooltip"><span class="button__icon button__icon_start"><svg viewBox="0 0 24 24" xmlns="http://www.w3.org/2000/svg" width="1em" height="1em" fill="currentColor" class="size-6" data-qa-id="notepad-empty-icon"><path fill-rule="evenodd" d="M2 8.395C2 4.905 4.546 2 7.95 2c1.51 0 2.946.605 4.05 1.592C13.104 2.605 14.54 2 16.05 2 19.454 2 22 4.904 22 8.395c0 2.155-.898 4.047-2.31 5.928-1.386 1.848-3.35 3.788-5.624 6.036l-.058.057-1.304 1.294a1 1 0 0 1-1.406.002l-1.305-1.285-.002-.002-.08-.08c-2.265-2.242-4.22-4.178-5.602-6.021C2.898 12.44 2 10.55 2 8.395M7.95 4C5.81 4 4 5.843 4 8.395c0 1.553.632 3.026 1.91 4.729 1.29 1.72 3.152 3.566 5.488 5.88l.6.59.604-.6c2.336-2.309 4.199-4.152 5.489-5.871C19.368 11.42 20 9.948 20 8.395 20 5.843 18.19 4 16.05 4c-1.23 0-2.452.63-3.262 1.666a1 1 0 0 1-1.576 0C10.402 4.629 9.18 4 7.95 4" clip-rule="evenodd"></path></svg></span>Merken</button></li><li class="border-b border-b-dark-primary-min last-of-type:border-b-0 tablet:border-b-0"><button type="button" class="button button_medium button_primary button_text flex items-center bg-transparent px-2.5 font-medium text-dark-primary-max hover:bg-transparent hover:text-dark-hover-brand"><span class="button__icon button__icon_start"><svg xmlns="http://www.w3.org/2000/svg" viewBox="0 0 100 100" width="1em" height="1em" fill="currentColor" class="size-6"><path d="m93.876 40.386 2.173-3.197zM51.775 11.773 49.6 14.971zm42.1 37.14 2.174 3.199-2.173-3.198Zm-42.1 28.614L49.6 74.329zm-8.053-20.824h3.866a3.867 3.867 0 0 0-4.297-3.843l.43 3.843Zm-.316.031.344 3.851zM3.866 90.055H0a3.866 3.866 0 0 0 7.562 1.137zm39.856-59.282.043 3.866a3.866 3.866 0 0 0 3.823-3.866zm52.327 6.416L53.948 8.575l-4.347 6.396 42.101 28.613zm0 14.923c5.268-3.58 5.268-11.343 0-14.923l-4.347 6.395c.753.512.753 1.62 0 2.132zM53.948 80.725l42.101-28.613-4.347-6.396-42.1 28.613zm-14.093-7.462c0 7.242 8.103 11.532 14.093 7.462l-4.347-6.396a1.289 1.289 0 0 1-2.013-1.066zm0-16.56v16.56h7.733v-16.56zm3.436-3.843-.229.023.688 7.702q.201-.017.402-.04l-.86-7.685Zm-.229.023c-16.461 1.47-27.239 10.615-33.789 19.17a62.5 62.5 0 0 0-6.97 11.545 55 55 0 0 0-1.592 3.777 37 37 0 0 0-.496 1.404l-.03.092-.012.04v.004c-.001.001-.002.004 3.693 1.14a573 573 0 0 1 3.695 1.14v.003l-.001.002v-.004l.014-.04.067-.202c.064-.188.166-.48.309-.86.286-.762.735-1.879 1.366-3.237a54.8 54.8 0 0 1 6.097-10.103c5.692-7.434 14.684-14.95 28.337-16.169zM7.732 90.055v-18.97H0v18.97zm0-18.97c0-19.99 16.095-36.223 36.033-36.446l-.087-7.732C19.508 27.177 0 46.853 0 71.086h7.733Zm32.123-55.048v14.736h7.733V16.037zm14.093-7.462c-5.99-4.07-14.093.22-14.093 7.462h7.733a1.289 1.289 0 0 1 2.013-1.066z"></path></svg></span>Teilen</button></li><li class="border-b border-b-dark-primary-min last-of-type:border-b-0 tablet:border-b-0"><button type="button" class="button button_medium button_primary button_text flex items-center bg-transparent px-2.5 font-medium text-dark-primary-max hover:bg-transparent hover:text-dark-hover-brand"><span class="button__icon button__icon_start"><svg xmlns="http://www.w3.org/2000/svg" viewBox="0 0 100 100" width="1em" height="1em" fill="currentColor"><path d="M41.25 40c0-2.07 1.68-3.75 3.75-3.75h30a3.751 3.751 0 0 1 0 7.5H45A3.75 3.75 0 0 1 41.25 40m-20 20A3.75 3.75 0 0 0 25 63.75h30a3.751 3.751 0 0 0 0-7.5H25c-2.07 0-3.75 1.68-3.75 3.75M11.3 81.663A49.8 49.8 0 0 1 0 50C0 22.386 22.386 0 50 0s50 22.386 50 50-22.386 50-50 50H6.134c-4.314 0-6.603-5.097-3.737-8.322zM50 92.5c23.472 0 42.5-19.028 42.5-42.5S73.472 7.5 50 7.5 7.5 26.528 7.5 50a42.3 42.3 0 0 0 9.602 26.91 7.5 7.5 0 0 1-.196 9.735L11.701 92.5z"></path></svg></span>Persönliche Beratung</button></li></ul></div></div><div class="tablet:w-1/2 tablet:flex-1 tablet:pl-2.5"><div class="mb-5 w-full"><div class="tablet:hidden"><div class="mx-5 flex pt-5 pb-2.5"><div class="mr-9 flex-1 basis-2/4 mobile-md:mr-11 desktop:mr-0 desktop:basis-1/12"></div><div class="flex flex-1 basis-1/4 justify-end whitespace-nowrap px-2 desktop:hidden text-xs font-bold"><span class="text-dark-primary-low">AVP/UVP<sup>1</sup></span></div><div class="hidden basis-5/12 justify-end px-3 text-s font-medium text-dark-primary-low desktop:flex"><span>AVP/UVP<sup>1</sup></span></div><div class="hidden px-2 text-s font-medium text-dark-accent desktop:flex basis-3/12 justify-center"><span>Ihr Preis</span></div><div class="ml-2.5 flex flex-1 basis-1/4 justify-end desktop:ml-0 desktop:basis-2/12 text-xs font-bold whitespace-nowrap"><span class="text-dark-primary-max">Ersparnis<sup>2</sup></span></div></div></div><div class="w-full rounded-2xl bg-light-primary-medium px-4 pb-2.5 pt-5"><div class="hidden tablet:block"><div class="flex flex-col border-b border-b-dark-primary-min pb-2"><div class="flex flex-col items-start"><div class="flex items-center justify-start gap-1"><div class="flex items-center justify-start">Ihr Preis</div></div><div class="mb-1.5 flex items-center flex-row gap-1"><div class="flex min-w-12 items-center justify-center p-2.5 font-bold text-dark-primary-max tablet:p-1 rounded-full bg-light-tertiary font-mono text-xs font-medium" data-qa-id="product-discount-badge"><span>-17%</span><sup style="font-size:8px">2</sup></div><span class="text-3xl font-bold tablet:text-xl text-dark-error-medium" data-qa-id="currentOfferPrice">€&nbsp;12,49</span></div></div><div class="text-dark-primary-low text-s" data-qa-id="current-variant-price-per-unit">624,50&nbsp;€ / 100&nbsp;g</div><div class="text-dark-primary-max"><span class="mr-1">AVP/UVP<sup>1</sup></span><span class="line-through" data-qa-id="product-old-price">€&nbsp;14,99</span></div></div></div><div class="tablet:hidden"><div class="flex min-h-[5.5rem] items-center border-b border-b-dark-primary-min"><div class="flex flex-1 basis-2/4 flex-row items-center desktop:basis-3/12 mr-9 mobile-md:mr-11"><div><div class="whitespace-nowrap font-bold text-dark-primary-max text-m font-bold mobile-md:text-xl">2 g</div><div class="text-xs mobile-md:text-xs text-dark-primary-max">624,50&nbsp;€ / 100&nbsp;g</div></div></div><div class="flex flex-1 basis-1/4 flex-col items-end justify-center px-2 desktop:basis-6/12 desktop:flex-row desktop:justify-between"><div class="text-dark-primary-low line-through text-s">€&nbsp;14,99</div><div class="text-l font-bold text-dark-accent" data-qa-id="product-page-variant-details__display-price">€&nbsp;12,49</div></div><div class="flex flex-1 basis-1/4 items-center justify-end desktop:basis-3/12"><div class="inline-flex min-w-12 items-center justify-center rounded-full bg-light-tertiary text-dark-primary-max p-2.5 text-s font-bold">-17%</div></div></div></div><div class="hidden tablet:block"><div class="flex flex-col border-dark-primary-min border-b"><div class="flex flex-col"><div class="py-2.5 text-s font-medium leading-l" data-qa-id="product-attribute-package_size">Packungsgröße<!-- -->: <span class="mr-3">2 g</span></div></div></div></div><div class=""><div class="my-2.5 flex items-start justify-between flex-row"><div class="flex flex-col gap-1"><span class="font-medium text-dark-success-medium" data-qa-id="product-status-qa-id">Verfügbar</span><span>Kostenloser <button type="button" class="link">Versand</button> ab <!-- -->19&nbsp;€</span></div><button class="link link_brand flex flex-row items-center gap-1 no-underline"><svg viewBox="0 0 24 24" xmlns="http://www.w3.org/2000/svg" width="1em" height="1em" fill="currentColor" class="size-6"><path fill-rule="evenodd" d="M6 10v.015c0 .682 0 1.756.776 3.363.745 1.543 2.231 3.627 5.224 6.294 2.993-2.667 4.48-4.75 5.224-6.294.776-1.607.776-2.68.776-3.363V10a6 6 0 0 0-12 0m-2 0a8 8 0 1 1 16 0c0 .819-.006 2.241-.975 4.248-.953 1.974-2.807 4.453-6.374 7.511a1 1 0 0 1-1.302 0c-3.567-3.058-5.421-5.537-6.374-7.511C4.006 12.24 4 10.818 4 10m8-1a1 1 0 1 0 0 2 1 1 0 0 0 0-2m-3 1a3 3 0 1 1 6 0 3 3 0 0 1-6 0" clip-rule="evenodd"></path></svg><span class="font-medium text-dark-primary-max">Ihre PLZ</span></button></div><div class="mb-3 w-full rounded-2xl bg-light-error p-4"><div class="flex"><div><div class="mr-2.5 flex size-10 items-center justify-center rounded-full bg-light-primary-low"><svg viewBox="0 0 24 24" xmlns="http://www.w3.org/2000/svg" width="1em" height="1em" fill="currentColor" class="size-5 fill-dark-error-strong"><path fill-rule="evenodd" d="M8 3a1 1 0 0 1 1-1h5a2 2 0 0 1 2 2v3h2.163a2 2 0 0 1 1.834 1.2l1.836 4.209a2 2 0 0 1 .167.8V18a2 2 0 0 1-2 2h-2.17a3.001 3.001 0 0 1-5.66 0H7.83a3.001 3.001 0 1 1 0-2h4.34A3 3 0 0 1 14 16.17V4H9a1 1 0 0 1-1-1m8 6v7.17A3 3 0 0 1 17.83 18H20v-4.791L18.163 9zm0 10a1 1 0 1 0-2 0 1 1 0 0 0 2 0M5 18a1 1 0 1 0 0 2 1 1 0 0 0 0-2" clip-rule="evenodd"></path><path d="M3 12a1 1 0 1 0 0 2h5.5a1 1 0 1 0 0-2zM4 8a1 1 0 0 1 1-1h5.5a1 1 0 1 1 0 2H5a1 1 0 0 1-1-1"></path></svg></div></div><div class="flex flex-col"><span class="text-m font-medium text-dark-error-strong">Lieferzeiten und Verfügbarkeit</span><span class="mt-1 text-s">Mit Hilfe Ihrer Postleitzahl können wir genauere Lieferzeiten in Ihrem Liefergebiet ermitteln.</span><a data-qa-id="buybox-check-now" class="link link_brand mt-2 cursor-pointer text-m font-medium text-dark-now underline">Verfügbarkeit jetzt prüfen</a></div></div></div></div><div class="flex flex-col gap-2"><div class="mb-2.5 gap-2.5 flex"><div class="base-FormControl-root base-FormControl-filled form-control w-[108px]"><label class="form-label form-label_form-control form-label_form-control_filled" for="quantity" id="quantity-label">Menge</label><button role="combobox" aria-expanded="false" aria-controls=":R16ai3amam56:" aria-labelledby="quantity-label" data-qa-id="product-quantity-select" id="quantity" class="form-control__select-root select-root base-Select-root" type="button" data-popup-placement="bottom-start"><span class="select-root__value form-control__select-root-value">1</span><svg viewBox="0 0 24 24" xmlns="http://www.w3.org/2000/svg" width="1em" height="1em" fill="currentColor" class="select-root__icon"><path fill-rule="evenodd" d="M5.293 9.453a1 1 0 0 1 1.414 0L12 14.746l5.293-5.293a1 1 0 1 1 1.414 1.414l-5.293 5.293a2 2 0 0 1-2.828 0l-5.293-5.293a1 1 0 0 1 0-1.414" clip-rule="evenodd"></path></svg></button><input tabindex="-1" aria-hidden="true" style="border:0;clip:rect(0 0 0 0);height:1px;margin:-1px;overflow:hidden;padding:0;position:absolute;white-space:nowrap;width:1px" value="1"></div><form class="grow" action="/nx/cartintermediate/" id="product-add-to-cart-form-id"><input name="cartAction" type="hidden" value="add"><input name="channel" type="hidden" value="direct"><input name="eventName" type="hidden" value="addToCart_PDP"><input name="eventType" type="hidden" value="conversion"><input name="offer" type="hidden" value="COM10044240"><input name="prescriptionType" type="hidden" value="noPrescription"><input name="product" type="hidden" value="10044240"><input name="quantity" type="hidden" value="1"><button type="submit" class="button button_filled button_large button_primary w-full whitespace-pre-wrap ProductAddToCartCta_product-add-to-cart-cta__button__lPpoy" data-qa-id="add-to-cart-button"><span class="button__icon button__icon_start"><svg viewBox="0 0 24 24" xmlns="http://www.w3.org/2000/svg" width="1em" height="1em" fill="currentColor"><path fill-rule="evenodd" d="M4.203 4.538A3 3 0 0 1 7.167 2h9.665a3 3 0 0 1 2.964 2.538l2.182 14A3 3 0 0 1 19.014 22H4.985a3 3 0 0 1-2.964-3.462zM7.167 4a1 1 0 0 0-.988.846l-2.182 14A1 1 0 0 0 4.985 20h14.029a1 1 0 0 0 .988-1.154l-2.182-14A1 1 0 0 0 16.832 4zm1.782 2a1 1 0 0 1 1 1 2 2 0 1 0 4 0 1 1 0 1 1 2 0 4 4 0 1 1-8 0 1 1 0 0 1 1-1" clip-rule="evenodd"></path></svg></span>In den Warenkorb</button></form></div></div></div></div><div class="relative z-10" data-clientside-hook="stickyBuyBox"><div class="fixed inset-x-0 bottom-0 z-10 hidden border-t border-dark-primary-min bg-light-primary-low p-3.5 tablet:flex"><ul class="container mx-auto flex justify-between"><li><h2 class="text-m font-medium">Bronchobini®</h2><span class="line-clamp-2 min-h-[42px] text-s text-dark-primary-low">2 g | Globuli</span></li><li><div class="base-FormControl-root base-FormControl-filled form-control ml-5 w-[108px] shrink-0"><label class="form-label form-label_form-control form-label_form-control_filled" for="quantity" id="quantity-label">Menge</label><button role="combobox" aria-expanded="false" aria-controls=":r28:" aria-labelledby="quantity-label" data-qa-id="product-quantity-select" id="quantity" class="form-control__select-root select-root base-Select-root" type="button" data-popup-placement="top-start"><span class="select-root__value form-control__select-root-value">1</span><svg viewBox="0 0 24 24" xmlns="http://www.w3.org/2000/svg" width="1em" height="1em" fill="currentColor" class="select-root__icon"><path fill-rule="evenodd" d="M5.293 9.453a1 1 0 0 1 1.414 0L12 14.746l5.293-5.293a1 1 0 1 1 1.414 1.414l-5.293 5.293a2 2 0 0 1-2.828 0l-5.293-5.293a1 1 0 0 1 0-1.414" clip-rule="evenodd"></path></svg></button><input tabindex="-1" aria-hidden="true" value="1" style="border: 0px; clip: rect(0px, 0px, 0px, 0px); height: 1px; margin: -1px; overflow: hidden; padding: 0px; position: absolute; white-space: nowrap; width: 1px;"></div></li><li class="grow"><div class="float-right mr-5 flex flex-col border-b-0 border-b-dark-primary-min pb-2"><div class="flex flex-col items-start"><div class="mb-1.5 flex items-center flex-row gap-1"><div class="flex min-w-12 items-center justify-center p-2.5 font-bold text-dark-primary-max tablet:p-1 rounded-full bg-light-tertiary font-mono text-xs font-medium" data-qa-id="product-discount-badge"><span>-17%</span><sup style="font-size: 8px;">2</sup></div><span class="text-3xl font-bold tablet:text-xl text-dark-error-medium" data-qa-id="currentOfferPrice">€&nbsp;12,49</span></div></div><div class="text-dark-primary-low text-s" data-qa-id="current-variant-price-per-unit">624,50&nbsp;€ / 100&nbsp;g</div><div class="text-dark-primary-max"><span class="mr-1">AVP/UVP<sup>1</sup></span><span class="line-through" data-qa-id="product-old-price">€&nbsp;14,99</span></div></div></li><li><button type="submit" class="button button_filled button_large button_primary w-full" data-qa-id="add-to-cart-button" form="product-add-to-cart-form-id"><span class="button__icon button__icon_start"><svg viewBox="0 0 24 24" xmlns="http://www.w3.org/2000/svg" width="1em" height="1em" fill="currentColor"><path fill-rule="evenodd" d="M4.203 4.538A3 3 0 0 1 7.167 2h9.665a3 3 0 0 1 2.964 2.538l2.182 14A3 3 0 0 1 19.014 22H4.985a3 3 0 0 1-2.964-3.462zM7.167 4a1 1 0 0 0-.988.846l-2.182 14A1 1 0 0 0 4.985 20h14.029a1 1 0 0 0 .988-1.154l-2.182-14A1 1 0 0 0 16.832 4zm1.782 2a1 1 0 0 1 1 1 2 2 0 1 0 4 0 1 1 0 1 1 2 0 4 4 0 1 1-8 0 1 1 0 0 1 1-1" clip-rule="evenodd"></path></svg></span>In den Warenkorb</button></li></ul></div><ul class="fixed inset-x-0 bottom-0 z-10 flex items-center justify-between gap-2.5 bg-light-primary-low p-6 shadow-[0_6px_12px_#00000033] tablet:hidden"><li><picture class="shrink-0"><source srcset="https://cdn.shop-apotheke.com/images/64x0/D10/044/240/D10044240-p1.webp 1x, https://cdn.shop-apotheke.com/images/128x0/D10/044/240/D10044240-p1.webp 2x" type="image/webp"><img alt="Bronchobini®" loading="lazy" width="55" height="55" decoding="async" data-nimg="1" srcset="https://cdn.shop-apotheke.com/images/64x0/D10/044/240/D10044240-p1.jpg 1x, https://cdn.shop-apotheke.com/images/128x0/D10/044/240/D10044240-p1.jpg 2x" src="https://cdn.shop-apotheke.com/images/128x0/D10/044/240/D10044240-p1.jpg" style="color: transparent;"></picture></li><li><div class="flex flex-col items-start whitespace-nowrap"><span class="text-xs text-dark-primary-medium">Ihr Preis</span><span class="font-bold text-dark-accent">€&nbsp;12,49</span></div></li><li class="grow"><button type="submit" class="button button_filled button_large button_primary w-full" data-qa-id="add-to-cart-button" form="product-add-to-cart-form-id"><span class="button__icon button__icon_start"><svg viewBox="0 0 24 24" xmlns="http://www.w3.org/2000/svg" width="1em" height="1em" fill="currentColor"><path fill-rule="evenodd" d="M4.203 4.538A3 3 0 0 1 7.167 2h9.665a3 3 0 0 1 2.964 2.538l2.182 14A3 3 0 0 1 19.014 22H4.985a3 3 0 0 1-2.964-3.462zM7.167 4a1 1 0 0 0-.988.846l-2.182 14A1 1 0 0 0 4.985 20h14.029a1 1 0 0 0 .988-1.154l-2.182-14A1 1 0 0 0 16.832 4zm1.782 2a1 1 0 0 1 1 1 2 2 0 1 0 4 0 1 1 0 1 1 2 0 4 4 0 1 1-8 0 1 1 0 0 1 1-1" clip-rule="evenodd"></path></svg></span>In den Warenkorb</button></li></ul></div><div class="flex tablet:hidden"><ul class="mb-5 flex w-full flex-col justify-center tablet:flex-row tablet:items-center"><li class="border-b border-b-dark-primary-min last-of-type:border-b-0 tablet:border-b-0"><button class="button button_medium button_primary button_text bg-transparent px-2.5 font-medium text-dark-primary-max hover:bg-transparent hover:text-dark-hover-brand" data-qa-id="form-add-to-wishlist-tooltip"><span class="button__icon button__icon_start"><svg viewBox="0 0 24 24" xmlns="http://www.w3.org/2000/svg" width="1em" height="1em" fill="currentColor" class="size-6" data-qa-id="notepad-empty-icon"><path fill-rule="evenodd" d="M2 8.395C2 4.905 4.546 2 7.95 2c1.51 0 2.946.605 4.05 1.592C13.104 2.605 14.54 2 16.05 2 19.454 2 22 4.904 22 8.395c0 2.155-.898 4.047-2.31 5.928-1.386 1.848-3.35 3.788-5.624 6.036l-.058.057-1.304 1.294a1 1 0 0 1-1.406.002l-1.305-1.285-.002-.002-.08-.08c-2.265-2.242-4.22-4.178-5.602-6.021C2.898 12.44 2 10.55 2 8.395M7.95 4C5.81 4 4 5.843 4 8.395c0 1.553.632 3.026 1.91 4.729 1.29 1.72 3.152 3.566 5.488 5.88l.6.59.604-.6c2.336-2.309 4.199-4.152 5.489-5.871C19.368 11.42 20 9.948 20 8.395 20 5.843 18.19 4 16.05 4c-1.23 0-2.452.63-3.262 1.666a1 1 0 0 1-1.576 0C10.402 4.629 9.18 4 7.95 4" clip-rule="evenodd"></path></svg></span>Merken</button></li><li class="border-b border-b-dark-primary-min last-of-type:border-b-0 tablet:border-b-0"><button type="button" class="button button_medium button_primary button_text flex items-center bg-transparent px-2.5 font-medium text-dark-primary-max hover:bg-transparent hover:text-dark-hover-brand"><span class="button__icon button__icon_start"><svg xmlns="http://www.w3.org/2000/svg" viewBox="0 0 100 100" width="1em" height="1em" fill="currentColor" class="size-6"><path d="m93.876 40.386 2.173-3.197zM51.775 11.773 49.6 14.971zm42.1 37.14 2.174 3.199-2.173-3.198Zm-42.1 28.614L49.6 74.329zm-8.053-20.824h3.866a3.867 3.867 0 0 0-4.297-3.843l.43 3.843Zm-.316.031.344 3.851zM3.866 90.055H0a3.866 3.866 0 0 0 7.562 1.137zm39.856-59.282.043 3.866a3.866 3.866 0 0 0 3.823-3.866zm52.327 6.416L53.948 8.575l-4.347 6.396 42.101 28.613zm0 14.923c5.268-3.58 5.268-11.343 0-14.923l-4.347 6.395c.753.512.753 1.62 0 2.132zM53.948 80.725l42.101-28.613-4.347-6.396-42.1 28.613zm-14.093-7.462c0 7.242 8.103 11.532 14.093 7.462l-4.347-6.396a1.289 1.289 0 0 1-2.013-1.066zm0-16.56v16.56h7.733v-16.56zm3.436-3.843-.229.023.688 7.702q.201-.017.402-.04l-.86-7.685Zm-.229.023c-16.461 1.47-27.239 10.615-33.789 19.17a62.5 62.5 0 0 0-6.97 11.545 55 55 0 0 0-1.592 3.777 37 37 0 0 0-.496 1.404l-.03.092-.012.04v.004c-.001.001-.002.004 3.693 1.14a573 573 0 0 1 3.695 1.14v.003l-.001.002v-.004l.014-.04.067-.202c.064-.188.166-.48.309-.86.286-.762.735-1.879 1.366-3.237a54.8 54.8 0 0 1 6.097-10.103c5.692-7.434 14.684-14.95 28.337-16.169zM7.732 90.055v-18.97H0v18.97zm0-18.97c0-19.99 16.095-36.223 36.033-36.446l-.087-7.732C19.508 27.177 0 46.853 0 71.086h7.733Zm32.123-55.048v14.736h7.733V16.037zm14.093-7.462c-5.99-4.07-14.093.22-14.093 7.462h7.733a1.289 1.289 0 0 1 2.013-1.066z"></path></svg></span>Teilen</button></li><li class="border-b border-b-dark-primary-min last-of-type:border-b-0 tablet:border-b-0"><button type="button" class="button button_medium button_primary button_text flex items-center bg-transparent px-2.5 font-medium text-dark-primary-max hover:bg-transparent hover:text-dark-hover-brand"><span class="button__icon button__icon_start"><svg xmlns="http://www.w3.org/2000/svg" viewBox="0 0 100 100" width="1em" height="1em" fill="currentColor"><path d="M41.25 40c0-2.07 1.68-3.75 3.75-3.75h30a3.751 3.751 0 0 1 0 7.5H45A3.75 3.75 0 0 1 41.25 40m-20 20A3.75 3.75 0 0 0 25 63.75h30a3.751 3.751 0 0 0 0-7.5H25c-2.07 0-3.75 1.68-3.75 3.75M11.3 81.663A49.8 49.8 0 0 1 0 50C0 22.386 22.386 0 50 0s50 22.386 50 50-22.386 50-50 50H6.134c-4.314 0-6.603-5.097-3.737-8.322zM50 92.5c23.472 0 42.5-19.028 42.5-42.5S73.472 7.5 50 7.5 7.5 26.528 7.5 50a42.3 42.3 0 0 0 9.602 26.91 7.5 7.5 0 0 1-.196 9.735L11.701 92.5z"></path></svg></span>Persönliche Beratung</button></li></ul></div><div class="accordion mb-5 tablet:mt-10"><div aria-expanded="false" tabindex="0" class="accordion-summary bg-transparent text-m font-bold text-dark-primary-max hover:bg-transparent tablet:hover:bg-light-primary-high" data-qa-id="product-prescription-type-collapsible" role="button"><div class="accordion-summary__content">Rezept vorhanden?</div><div class="accordion-summary__expand-icon-wrapper"><svg viewBox="0 0 24 24" xmlns="http://www.w3.org/2000/svg" width="1em" height="1em" fill="currentColor"><path fill-rule="evenodd" d="M5.293 9.453a1 1 0 0 1 1.414 0L12 14.746l5.293-5.293a1 1 0 1 1 1.414 1.414l-5.293 5.293a2 2 0 0 1-2.828 0l-5.293-5.293a1 1 0 0 1 0-1.414" clip-rule="evenodd"></path></svg></div></div><div class="accordion__transition accordion__transition_collapsed"><div class="accordion-details"><div class="base-FormControl-root base-FormControl-filled form-control w-full"><label class="form-label form-label_form-control form-label_form-control_filled" for="product__prescription-type-select" id="product__prescription-type-select-label">Rezeptart</label><button role="combobox" aria-expanded="false" aria-controls=":R2edamam56:" aria-labelledby="product__prescription-type-select-label" data-qa-id="prescription-type-select" id="product__prescription-type-select" class="form-control__select-root select-root base-Select-root" type="button" data-popup-placement="bottom-start"><span class="select-root__value form-control__select-root-value">Ohne Rezept</span><svg viewBox="0 0 24 24" xmlns="http://www.w3.org/2000/svg" width="1em" height="1em" fill="currentColor" class="select-root__icon"><path fill-rule="evenodd" d="M5.293 9.453a1 1 0 0 1 1.414 0L12 14.746l5.293-5.293a1 1 0 1 1 1.414 1.414l-5.293 5.293a2 2 0 0 1-2.828 0l-5.293-5.293a1 1 0 0 1 0-1.414" clip-rule="evenodd"></path></svg></button><input tabindex="-1" aria-hidden="true" style="border:0;clip:rect(0 0 0 0);height:1px;margin:-1px;overflow:hidden;padding:0;position:absolute;white-space:nowrap;width:1px" value="noPrescription"></div><button class="mt-3.5 font-bold text-dark-brand hover:underline" type="button">Wie funktioniert eine Rezeptbestellung?</button></div></div></div></div></div></div><div class="mb-5 rounded-lg bg-light-primary-medium p-6 tablet:mb-12 desktop:mx-0" data-qa-id="product-key-facts-ho"><ul class="flex flex-col gap-4 tablet:flex-row tablet:justify-between"><li class="flex grow flex-row items-start text-s text-dark-primary-max tablet:max-w-[280px]"><svg viewBox="0 0 48 48" xmlns="http://www.w3.org/2000/svg" width="1em" height="1em" fill="currentColor" class="mr-3 size-10 shrink-0 self-center fill-dark-primary-max"><circle cx="24" cy="24" r="24" fill="#fcf7f7"></circle><path d="M19.375 27.05v-9.203a.5.5 0 1 1 1 0v9.203a.5.5 0 1 1-1 0m3.25.5a.5.5 0 0 0 .5-.5v-9.203a.5.5 0 1 0-1 0v9.203a.5.5 0 0 0 .5.5m5.5 0a.5.5 0 0 0 .5-.5v-9.203a.5.5 0 1 0-1 0v9.203a.5.5 0 0 0 .5.5m-2.75 0a.5.5 0 0 0 .5-.5v-9.203a.5.5 0 1 0-1 0v9.203a.5.5 0 0 0 .5.5m-8.25 0a.5.5 0 0 0 .5-.5v-9.203a.5.5 0 1 0-1 0v9.203a.5.5 0 0 0 .5.5m13.75.68h-13.75a.5.5 0 0 0-.5.5v1.5a.5.5 0 0 0 .5.5h13.75a.5.5 0 0 0 .5-.5v-1.5a.5.5 0 0 0-.5-.5m2.75-10.883a.5.5 0 0 0-.5.5v12.316a.5.5 0 1 0 1 0V17.847a.5.5 0 0 0-.5-.5M48 24c0 13.255-10.745 24-24 24S0 37.255 0 24 10.745 0 24 0s24 10.745 24 24m-8.55 0c0-8.532-6.917-15.45-15.45-15.45S8.55 15.469 8.55 24 15.469 39.45 24 39.45 39.45 32.531 39.45 24m-25.076-6.653a.5.5 0 0 0-.5.5v12.316a.5.5 0 1 0 1 0V17.847a.5.5 0 0 0-.5-.5m16.501 0a.5.5 0 0 0-.5.5v9.203a.5.5 0 1 0 1 0v-9.203a.5.5 0 0 0-.5-.5"></path></svg><dl class="flex grow flex-col flex-wrap items-start gap-y-1 self-center tablet:gap-x-2"><dt class="font-medium">PZN / EAN</dt><dd class="font-normal"><span data-qa-id="product-attribute-pzn">10044240 / 4047642004641</span><button aria-label="Produktkennzeichnung" class="text-dark-brand hover:text-dark-hover-brand active:text-dark-pressed-brand" type="button"><svg viewBox="0 0 24 24" xmlns="http://www.w3.org/2000/svg" width="1em" height="1em" fill="currentColor" class="ml-1 inline-block size-5 shrink-0 align-top"><path fill-rule="evenodd" d="M12 20a8 8 0 1 0 0-16 8 8 0 0 0 0 16m0 2c5.523 0 10-4.477 10-10S17.523 2 12 2 2 6.477 2 12s4.477 10 10 10" clip-rule="evenodd"></path><path fill-rule="evenodd" d="M12 10.5a1 1 0 0 1 1 1V16a1 1 0 1 1-2 0v-4.5a1 1 0 0 1 1-1" clip-rule="evenodd"></path><path d="M13 8a1 1 0 1 1-2 0 1 1 0 0 1 2 0"></path></svg></button></dd></dl></li><li class="flex grow flex-row items-start text-s text-dark-primary-max tablet:max-w-[280px]"><svg viewBox="0 0 48 48" xmlns="http://www.w3.org/2000/svg" width="1em" height="1em" fill="currentColor" class="mr-3 size-10 shrink-0 self-center fill-dark-primary-max"><circle cx="24" cy="24" r="24" fill="#fcf7f7"></circle><path d="M30.825 11.401a.5.5 0 0 1 .5-.5 5.004 5.004 0 0 1 4.998 4.998.5.5 0 1 1-1 0 4.003 4.003 0 0 0-3.998-3.998.5.5 0 0 1-.5-.5M16.671 9.572a6.334 6.334 0 0 0-6.327 6.327V24h8.403v-6.35a.5.5 0 1 1 1 0V24h3.252v-8.1a6.334 6.334 0 0 0-6.328-6.328m0 26.527a4.003 4.003 0 0 1-3.997-3.998.5.5 0 1 0-1 0 5.004 5.004 0 0 0 4.998 4.998.5.5 0 1 0 0-1M48 24c0 13.255-10.745 24-24 24S0 37.255 0 24 10.745 0 24 0s24 10.745 24 24m-9.347-1.415V15.9a7.327 7.327 0 1 0-14.654 0 7.327 7.327 0 1 0-14.655 0v16.202A7.327 7.327 0 1 0 24 32.1a7.327 7.327 0 1 0 14.654 0zm-9.403 7.766a.5.5 0 1 1-1 0V24h-3.251v8.1c0 3.49 2.838 6.328 6.327 6.328s6.327-2.839 6.327-6.327V24H29.25z"></path></svg><dl class="flex grow flex-col flex-wrap items-start gap-y-1 self-center tablet:gap-x-2"><dt class="font-medium">Darreichung</dt><dd class="font-normal">Globuli</dd></dl></li><li class="flex grow flex-row items-start text-s text-dark-primary-max tablet:max-w-[280px]"><svg viewBox="0 0 48 48" xmlns="http://www.w3.org/2000/svg" width="1em" height="1em" fill="currentColor" class="mr-3 size-10 shrink-0 self-center fill-dark-primary-max"><circle cx="24" cy="24" r="24" fill="#fcf7f7"></circle><path d="M22.595 17.145c-2.644.557-4.712 2.783-5.088 5.46a6.6 6.6 0 0 0 .45 3.508c1.252 3.393 4.492 7.415 5.668 8.746.2.227.55.227.75 0 1.176-1.33 4.416-5.353 5.669-8.746a6.5 6.5 0 0 0 .516-2.583c-.016-4.061-3.762-7.27-7.965-6.385M24 26.658a3.084 3.084 0 1 1 0-6.17 3.084 3.084 0 0 1 0 6.17M24 0C10.745 0 0 10.745 0 24s10.745 24 24 24 24-10.745 24-24S37.255 0 24 0m13.808 36.149a2 2 0 0 1-2 2H12.192a2 2 0 0 1-2-2V17.312a2 2 0 0 1 .995-1.73l11.82-6.869a2 2 0 0 1 2.012.001l11.795 6.868a2 2 0 0 1 .994 1.728z"></path></svg><dl class="flex grow flex-col flex-wrap items-start gap-y-1 self-center tablet:gap-x-2"><dt class="font-medium">Hersteller</dt><dd class="font-normal">Biologische Heilmittel Heel GmbH</dd></dl></li></ul></div><div class="mb-5 grid grid-cols-1 gap-5 tablet:grid-cols-2"><div class="flex-1" data-qa-id="product-description"><div class="scroll-mt-20" id="pflichtangabe"></div><h2 class="mb-5 text-2xl font-medium">Produktdetails &amp; Pflichtangaben</h2><div class="flex flex-col"><div class="prose mb-3.5 whitespace-normal text-s">Homöopathisches Arzneimittel bei Erkrankungen der Atemwege</div></div><ul class="mb-4 flex flex-col gap-4"><li><a class="button button_medium button_primary button_text" data-qa-id="product-details-file-for-download" href="/media/pdf/patientenbogen.pdf" target="_blank"><span class="button__icon button__icon_start"><svg viewBox="0 0 24 24" xmlns="http://www.w3.org/2000/svg" width="1em" height="1em" fill="currentColor"><path fill-rule="evenodd" d="M11.362 2.01a1 1 0 0 1 .845.283l8 8a1 1 0 0 1 .261.957q.032.12.032.25V20a2 2 0 0 1-2 2h-13a2 2 0 0 1-2-2V4a2 2 0 0 1 2-2h5.724q.07 0 .138.01M12.5 5.414 17.086 10H12.5zm6 6.586H12a1.5 1.5 0 0 1-1.5-1.5V4h-5v16h13z" clip-rule="evenodd"></path></svg></span><span class="whitespace-normal text-left">Arzneimittelservice</span></a></li><li><a class="button button_medium button_primary button_text" data-qa-id="product-details-file-for-download" href="https://api.gebrauchs.info/d9fcd56e00a82773d471cf86f1a1dabdi" target="_blank"><span class="button__icon button__icon_start"><svg viewBox="0 0 24 24" xmlns="http://www.w3.org/2000/svg" width="1em" height="1em" fill="currentColor"><path fill-rule="evenodd" d="M11.362 2.01a1 1 0 0 1 .845.283l8 8a1 1 0 0 1 .261.957q.032.12.032.25V20a2 2 0 0 1-2 2h-13a2 2 0 0 1-2-2V4a2 2 0 0 1 2-2h5.724q.07 0 .138.01M12.5 5.414 17.086 10H12.5zm6 6.586H12a1.5 1.5 0 0 1-1.5-1.5V4h-5v16h13z" clip-rule="evenodd"></path></svg></span><span class="whitespace-normal text-left">Beipackzettel <span class="break-words">Bronchobini®</span></span></a></li></ul><div class="accordion-stack"><div class="accordion accordion-stack__accordion"><div aria-expanded="true" tabindex="0" class="accordion-summary" role="button"><div class="accordion-summary__content">Wirkstoffe &amp; Hilfsstoffe</div><div class="accordion-summary__expand-icon-wrapper accordion-summary__expand-icon-wrapper_expanded"><svg viewBox="0 0 24 24" xmlns="http://www.w3.org/2000/svg" width="1em" height="1em" fill="currentColor"><path fill-rule="evenodd" d="M5.293 9.453a1 1 0 0 1 1.414 0L12 14.746l5.293-5.293a1 1 0 1 1 1.414 1.414l-5.293 5.293a2 2 0 0 1-2.828 0l-5.293-5.293a1 1 0 0 1 0-1.414" clip-rule="evenodd"></path></svg></div></div><div class="accordion__transition"><div class="accordion-details"><section class="text-dark-primary-max"><h3 class="text-s font-medium">Wirkstoffe</h3><ul class="mb-3.5 list-disc pl-5 text-s"><li>0.5 mg Atropa belladonna D5</li><li>1 mg Cephaelis ipecacuanha D3</li><li>0.5 mg Cetraria islandica D3</li><li>0.5 mg Bryonia D3</li><li>0.5 mg Drosera D3</li></ul></section><section class="text-dark-primary-max"><h3 class="text-s font-medium">Hilfsstoffe</h3><ul class="mb-3.5 list-disc pl-5 text-s"><li>Saccharose </li></ul></section></div></div></div><div class="accordion accordion-stack__accordion"><div aria-expanded="true" tabindex="0" class="accordion-summary" role="button"><div class="accordion-summary__content">Weitere Produktinformationen</div><div class="accordion-summary__expand-icon-wrapper accordion-summary__expand-icon-wrapper_expanded"><svg viewBox="0 0 24 24" xmlns="http://www.w3.org/2000/svg" width="1em" height="1em" fill="currentColor"><path fill-rule="evenodd" d="M5.293 9.453a1 1 0 0 1 1.414 0L12 14.746l5.293-5.293a1 1 0 1 1 1.414 1.414l-5.293 5.293a2 2 0 0 1-2.828 0l-5.293-5.293a1 1 0 0 1 0-1.414" clip-rule="evenodd"></path></svg></div></div><div class="accordion__transition"><div class="accordion-details"><div class="relative max-h-[320px] overflow-hidden"><div class="prose mb-3.5 whitespace-normal text-s last:mb-0"><p>Homöopathisches Arzneimittel bei Erkrankungen der Atemwege</p>
<ul>
  <li>Nimmt lästigen Erkältungshusten<br>
    </li>
  <li>Stillt den Hustenreiz und bessert die Entzündung <br>
    </li>
  <li>Bereits für Babys ab dem 6. Monat geeignet </li>
</ul>
<strong>Anwendungsgebiete:</strong><br>
Die Anwendungsgebiete entsprechen den homöopathischen Arzneimittelbildern. Dazu gehört: Besserung der Beschwerden bei Entzündungen der Atemwege.<br><br>
  <strong>Hinweis: </strong><br>Bei länger anhaltenden Beschwerden, bei Atemnot, bei Fieber oder bei eitrigem oder blutigem Auswurf sollte ein Arzt aufgesucht werden
<p><strong>Gegenanzeigen:</strong><br>
Keine bekannt.<br><br><strong>Vorsichtsmaßnahmen für die Anwendung:</strong><br>Bei Gesichtsschwellungen, Fieber, starken Kopfschmerzen, sowie bei anhaltenden, unklaren oder neu auftretenden Beschwerden sollte ein Arzt aufgesucht werden.</p><p>Da keine ausreichend dokumentierten Erfahrungen zur Anwendung in der Schwangerschaft und Stillzeit vorliegen, sollte dieses Arzneimittel in der Schwangerschaft und Stillzeit nur nach Rücksprache mit dem Arzt angewendet werden.</p><p>Zur Anwendung dieses Arzneimittels bei Säuglingen unter 6 Monaten liegen keine ausreichend dokumentierten Erfahrungen vor. Es soll deshalb bei Säuglingen unter 6 Monaten nicht angewendet werden.</p><p><strong>Warnhinweise:</strong><br>Dieses Arzneimittel enthält Sucrose. Bitte nehmen Sie Bronchobini erst nach Rücksprache mit Ihrem Arzt ein, wenn Ihnen bekannt ist, dass Sie unter einer Unverträglichkeit gegenüber bestimmten Zuckern leiden.<br><br><strong>Dauer der Behandlung:</strong><br>Auch homöopathische Arzneimittel sollten ohne ärztlichen Rat nicht über längere Zeit eingenommen werden.<br><br><strong>Hinweise für die Anwendung:</strong><br>Nehmen Sie nicht die doppelte Dosis ein, wenn Sie die vorherige Anwendung vergessen haben. Wenn Sie weitere Fragen zur Anwendung des Arzneimittels haben, fragen Sie Ihren Arzt oder Apotheker.<br><br><strong>Nebenwirkungen:</strong><br>Keine bekannt.<br>Hinweis: Bei der Anwendung eines homöopathischen Arzneimittels können sich die vorhandenen Beschwerden vorübergehend verschlimmern (Erstverschlimmerung). In diesem Fall sollten Sie das Arzneimittel absetzen und Ihren Arzt befragen. Wenn Sie Nebenwirkungen beobachten, teilen Sie diese bitte Ihrem Arzt oder Apotheker mit.<br><br><strong>Dosierung:</strong><br><strong>Akutdosierung: Alle halbe bis ganze Stunde, höchstens 6-mal täglich</strong></p><table border="1" cellpadding="5" cellspacing="0"><tbody><tr><td><p>Säuglinge<br>bis zum 1. Lebensjahr<br>nach Rücksprache mit einem Arzt</p></td><td><br>je 1–2 Globuli<br>(maximal 10 Globuli/Tag)</td></tr><tr><td>Kleinkinder<br>bis zum 6. Lebensjahr<br>nach Rücksprache mit einem Arzt</td><td><br>je 2–3 Globuli<br>(maximal 15 Globuli/Tag)</td></tr><tr><td>Kinder<br>zwischen dem 6. und 12.<br>Lebensjahr</td><td><br>&nbsp;je 3–4 Globuli<br>(maximal 20 Globuli/Tag)</td></tr><tr><td><p>Jugendliche<br>ab 12 Jahren und<br>Erwachsene</p></td><td><br>je 5 Globuli<br>(maximal 30 Globuli/Tag)</td></tr></tbody></table><p><br><strong>Dosierung bei länger andauernden Verlaufsformen täglich 1–3-mal täglich</strong></p><table border="1" cellpadding="5" cellspacing="0"><tbody><tr><td><p>Säuglinge<br>bis zum 1. Lebensjahr<br>nach Rücksprache mit einem Arzt</p></td><td><br>je 1–2 Globuli<br>(maximal 5 Globuli/Tag)</td></tr><tr><td>Kleinkinder<br>bis zum 6. Lebensjahr<br>nach Rücksprache mit einem Arzt</td><td><br>je 2–3 Globuli<br>(maximal 8 Globuli/Tag)</td></tr><tr><td>Kinder<br>zwischen dem 6. und 12.<br>Lebensjahr</td><td><br>je 3–4 Globuli<br>(maximal 10 Globuli/Tag)</td></tr><tr><td>Jugendliche<br>ab 12 Jahren und<br>Erwachsene</td><td><br>je 5 Globuli<br>(maximal 15 Globuli/Tag)</td></tr></tbody></table><p>&nbsp;</p></div><div class="absolute bottom-0 w-full"><div class="absolute -top-10 h-10 w-full bg-gradient-to-t from-light-primary-low"></div><div class="bg-light-primary-low pt-3.5 text-center"><button class="button button_large button_outlined button_primary">Mehr anzeigen</button></div></div></div></div></div></div></div></div><div class="tablet:order-1 tablet:col-span-2"><div class="scroll-mt-20" id="user-reviews-section"></div><div data-qa-id="product-ratings-container"><h2 class="mb-5 break-words text-2xl font-medium">7 Produktbewertungen<sup class="">27</sup> zu Bronchobini®</h2><div class="flex flex-col gap-7 text-dark-primary-max tablet:flex-row"><div class="tablet:w-7/12"><div class="rounded bg-light-primary-medium p-5"><div class="flex"><div class="flex flex-1 flex-col items-center justify-center text-s font-medium"><span class="mb-2.5 text-4xl">5</span><span>von 5 Sternen</span></div><ul><li class="mb-1.5 flex gap-2"><span class="rating text-2xl"><span class="rating__item"><svg viewBox="0 0 24 24" xmlns="http://www.w3.org/2000/svg" width="1em" height="1em" fill="currentColor" class="rating__icon rating__icon_filled"><path d="M10.615 4.33c.512-1.232 2.258-1.232 2.77 0l1.173 2.82a1.5 1.5 0 0 0 1.265.919l3.044.244c1.33.106 1.869 1.766.856 2.634l-2.32 1.987a1.5 1.5 0 0 0-.483 1.487l.709 2.97c.31 1.298-1.103 2.324-2.241 1.628l-2.606-1.591a1.5 1.5 0 0 0-1.564 0l-2.606 1.591c-1.139.696-2.55-.33-2.24-1.628l.708-2.97a1.5 1.5 0 0 0-.484-1.487l-2.319-1.987c-1.013-.868-.474-2.528.856-2.634l3.044-.244a1.5 1.5 0 0 0 1.265-.92z"></path></svg></span><span class="rating__item"><svg viewBox="0 0 24 24" xmlns="http://www.w3.org/2000/svg" width="1em" height="1em" fill="currentColor" class="rating__icon rating__icon_filled"><path d="M10.615 4.33c.512-1.232 2.258-1.232 2.77 0l1.173 2.82a1.5 1.5 0 0 0 1.265.919l3.044.244c1.33.106 1.869 1.766.856 2.634l-2.32 1.987a1.5 1.5 0 0 0-.483 1.487l.709 2.97c.31 1.298-1.103 2.324-2.241 1.628l-2.606-1.591a1.5 1.5 0 0 0-1.564 0l-2.606 1.591c-1.139.696-2.55-.33-2.24-1.628l.708-2.97a1.5 1.5 0 0 0-.484-1.487l-2.319-1.987c-1.013-.868-.474-2.528.856-2.634l3.044-.244a1.5 1.5 0 0 0 1.265-.92z"></path></svg></span><span class="rating__item"><svg viewBox="0 0 24 24" xmlns="http://www.w3.org/2000/svg" width="1em" height="1em" fill="currentColor" class="rating__icon rating__icon_filled"><path d="M10.615 4.33c.512-1.232 2.258-1.232 2.77 0l1.173 2.82a1.5 1.5 0 0 0 1.265.919l3.044.244c1.33.106 1.869 1.766.856 2.634l-2.32 1.987a1.5 1.5 0 0 0-.483 1.487l.709 2.97c.31 1.298-1.103 2.324-2.241 1.628l-2.606-1.591a1.5 1.5 0 0 0-1.564 0l-2.606 1.591c-1.139.696-2.55-.33-2.24-1.628l.708-2.97a1.5 1.5 0 0 0-.484-1.487l-2.319-1.987c-1.013-.868-.474-2.528.856-2.634l3.044-.244a1.5 1.5 0 0 0 1.265-.92z"></path></svg></span><span class="rating__item"><svg viewBox="0 0 24 24" xmlns="http://www.w3.org/2000/svg" width="1em" height="1em" fill="currentColor" class="rating__icon rating__icon_filled"><path d="M10.615 4.33c.512-1.232 2.258-1.232 2.77 0l1.173 2.82a1.5 1.5 0 0 0 1.265.919l3.044.244c1.33.106 1.869 1.766.856 2.634l-2.32 1.987a1.5 1.5 0 0 0-.483 1.487l.709 2.97c.31 1.298-1.103 2.324-2.241 1.628l-2.606-1.591a1.5 1.5 0 0 0-1.564 0l-2.606 1.591c-1.139.696-2.55-.33-2.24-1.628l.708-2.97a1.5 1.5 0 0 0-.484-1.487l-2.319-1.987c-1.013-.868-.474-2.528.856-2.634l3.044-.244a1.5 1.5 0 0 0 1.265-.92z"></path></svg></span><span class="rating__item"><svg viewBox="0 0 24 24" xmlns="http://www.w3.org/2000/svg" width="1em" height="1em" fill="currentColor" class="rating__icon rating__icon_filled"><path d="M10.615 4.33c.512-1.232 2.258-1.232 2.77 0l1.173 2.82a1.5 1.5 0 0 0 1.265.919l3.044.244c1.33.106 1.869 1.766.856 2.634l-2.32 1.987a1.5 1.5 0 0 0-.483 1.487l.709 2.97c.31 1.298-1.103 2.324-2.241 1.628l-2.606-1.591a1.5 1.5 0 0 0-1.564 0l-2.606 1.591c-1.139.696-2.55-.33-2.24-1.628l.708-2.97a1.5 1.5 0 0 0-.484-1.487l-2.319-1.987c-1.013-.868-.474-2.528.856-2.634l3.044-.244a1.5 1.5 0 0 0 1.265-.92z"></path></svg></span></span>7</li><li class="mb-1.5 flex gap-2"><span class="rating text-2xl"><span class="rating__item"><svg viewBox="0 0 24 24" xmlns="http://www.w3.org/2000/svg" width="1em" height="1em" fill="currentColor" class="rating__icon rating__icon_filled"><path d="M10.615 4.33c.512-1.232 2.258-1.232 2.77 0l1.173 2.82a1.5 1.5 0 0 0 1.265.919l3.044.244c1.33.106 1.869 1.766.856 2.634l-2.32 1.987a1.5 1.5 0 0 0-.483 1.487l.709 2.97c.31 1.298-1.103 2.324-2.241 1.628l-2.606-1.591a1.5 1.5 0 0 0-1.564 0l-2.606 1.591c-1.139.696-2.55-.33-2.24-1.628l.708-2.97a1.5 1.5 0 0 0-.484-1.487l-2.319-1.987c-1.013-.868-.474-2.528.856-2.634l3.044-.244a1.5 1.5 0 0 0 1.265-.92z"></path></svg></span><span class="rating__item"><svg viewBox="0 0 24 24" xmlns="http://www.w3.org/2000/svg" width="1em" height="1em" fill="currentColor" class="rating__icon rating__icon_filled"><path d="M10.615 4.33c.512-1.232 2.258-1.232 2.77 0l1.173 2.82a1.5 1.5 0 0 0 1.265.919l3.044.244c1.33.106 1.869 1.766.856 2.634l-2.32 1.987a1.5 1.5 0 0 0-.483 1.487l.709 2.97c.31 1.298-1.103 2.324-2.241 1.628l-2.606-1.591a1.5 1.5 0 0 0-1.564 0l-2.606 1.591c-1.139.696-2.55-.33-2.24-1.628l.708-2.97a1.5 1.5 0 0 0-.484-1.487l-2.319-1.987c-1.013-.868-.474-2.528.856-2.634l3.044-.244a1.5 1.5 0 0 0 1.265-.92z"></path></svg></span><span class="rating__item"><svg viewBox="0 0 24 24" xmlns="http://www.w3.org/2000/svg" width="1em" height="1em" fill="currentColor" class="rating__icon rating__icon_filled"><path d="M10.615 4.33c.512-1.232 2.258-1.232 2.77 0l1.173 2.82a1.5 1.5 0 0 0 1.265.919l3.044.244c1.33.106 1.869 1.766.856 2.634l-2.32 1.987a1.5 1.5 0 0 0-.483 1.487l.709 2.97c.31 1.298-1.103 2.324-2.241 1.628l-2.606-1.591a1.5 1.5 0 0 0-1.564 0l-2.606 1.591c-1.139.696-2.55-.33-2.24-1.628l.708-2.97a1.5 1.5 0 0 0-.484-1.487l-2.319-1.987c-1.013-.868-.474-2.528.856-2.634l3.044-.244a1.5 1.5 0 0 0 1.265-.92z"></path></svg></span><span class="rating__item"><svg viewBox="0 0 24 24" xmlns="http://www.w3.org/2000/svg" width="1em" height="1em" fill="currentColor" class="rating__icon rating__icon_filled"><path d="M10.615 4.33c.512-1.232 2.258-1.232 2.77 0l1.173 2.82a1.5 1.5 0 0 0 1.265.919l3.044.244c1.33.106 1.869 1.766.856 2.634l-2.32 1.987a1.5 1.5 0 0 0-.483 1.487l.709 2.97c.31 1.298-1.103 2.324-2.241 1.628l-2.606-1.591a1.5 1.5 0 0 0-1.564 0l-2.606 1.591c-1.139.696-2.55-.33-2.24-1.628l.708-2.97a1.5 1.5 0 0 0-.484-1.487l-2.319-1.987c-1.013-.868-.474-2.528.856-2.634l3.044-.244a1.5 1.5 0 0 0 1.265-.92z"></path></svg></span><span class="rating__item"><svg viewBox="0 0 24 24" xmlns="http://www.w3.org/2000/svg" width="1em" height="1em" fill="currentColor" class="rating__icon"><path fill-rule="evenodd" d="m12 6.208-.711 1.71a3.5 3.5 0 0 1-2.952 2.144l-1.846.148 1.407 1.205a3.5 3.5 0 0 1 1.127 3.47l-.43 1.8 1.58-.964a3.5 3.5 0 0 1 3.65 0l1.58.965-.43-1.801a3.5 3.5 0 0 1 1.127-3.47l1.407-1.205-1.846-.148a3.5 3.5 0 0 1-2.952-2.145zm1.385-1.878c-.512-1.232-2.258-1.232-2.77 0L9.442 7.15a1.5 1.5 0 0 1-1.265.919l-3.044.244c-1.33.106-1.869 1.766-.856 2.634l2.32 1.987a1.5 1.5 0 0 1 .483 1.487l-.709 2.97c-.31 1.298 1.102 2.324 2.241 1.628l2.606-1.591a1.5 1.5 0 0 1 1.564 0l2.606 1.591c1.138.696 2.55-.33 2.24-1.628l-.708-2.97a1.5 1.5 0 0 1 .483-1.487l2.32-1.987c1.013-.868.474-2.528-.856-2.634l-3.044-.244a1.5 1.5 0 0 1-1.265-.92z" clip-rule="evenodd"></path></svg></span></span>0</li><li class="mb-1.5 flex gap-2"><span class="rating text-2xl"><span class="rating__item"><svg viewBox="0 0 24 24" xmlns="http://www.w3.org/2000/svg" width="1em" height="1em" fill="currentColor" class="rating__icon rating__icon_filled"><path d="M10.615 4.33c.512-1.232 2.258-1.232 2.77 0l1.173 2.82a1.5 1.5 0 0 0 1.265.919l3.044.244c1.33.106 1.869 1.766.856 2.634l-2.32 1.987a1.5 1.5 0 0 0-.483 1.487l.709 2.97c.31 1.298-1.103 2.324-2.241 1.628l-2.606-1.591a1.5 1.5 0 0 0-1.564 0l-2.606 1.591c-1.139.696-2.55-.33-2.24-1.628l.708-2.97a1.5 1.5 0 0 0-.484-1.487l-2.319-1.987c-1.013-.868-.474-2.528.856-2.634l3.044-.244a1.5 1.5 0 0 0 1.265-.92z"></path></svg></span><span class="rating__item"><svg viewBox="0 0 24 24" xmlns="http://www.w3.org/2000/svg" width="1em" height="1em" fill="currentColor" class="rating__icon rating__icon_filled"><path d="M10.615 4.33c.512-1.232 2.258-1.232 2.77 0l1.173 2.82a1.5 1.5 0 0 0 1.265.919l3.044.244c1.33.106 1.869 1.766.856 2.634l-2.32 1.987a1.5 1.5 0 0 0-.483 1.487l.709 2.97c.31 1.298-1.103 2.324-2.241 1.628l-2.606-1.591a1.5 1.5 0 0 0-1.564 0l-2.606 1.591c-1.139.696-2.55-.33-2.24-1.628l.708-2.97a1.5 1.5 0 0 0-.484-1.487l-2.319-1.987c-1.013-.868-.474-2.528.856-2.634l3.044-.244a1.5 1.5 0 0 0 1.265-.92z"></path></svg></span><span class="rating__item"><svg viewBox="0 0 24 24" xmlns="http://www.w3.org/2000/svg" width="1em" height="1em" fill="currentColor" class="rating__icon rating__icon_filled"><path d="M10.615 4.33c.512-1.232 2.258-1.232 2.77 0l1.173 2.82a1.5 1.5 0 0 0 1.265.919l3.044.244c1.33.106 1.869 1.766.856 2.634l-2.32 1.987a1.5 1.5 0 0 0-.483 1.487l.709 2.97c.31 1.298-1.103 2.324-2.241 1.628l-2.606-1.591a1.5 1.5 0 0 0-1.564 0l-2.606 1.591c-1.139.696-2.55-.33-2.24-1.628l.708-2.97a1.5 1.5 0 0 0-.484-1.487l-2.319-1.987c-1.013-.868-.474-2.528.856-2.634l3.044-.244a1.5 1.5 0 0 0 1.265-.92z"></path></svg></span><span class="rating__item"><svg viewBox="0 0 24 24" xmlns="http://www.w3.org/2000/svg" width="1em" height="1em" fill="currentColor" class="rating__icon"><path fill-rule="evenodd" d="m12 6.208-.711 1.71a3.5 3.5 0 0 1-2.952 2.144l-1.846.148 1.407 1.205a3.5 3.5 0 0 1 1.127 3.47l-.43 1.8 1.58-.964a3.5 3.5 0 0 1 3.65 0l1.58.965-.43-1.801a3.5 3.5 0 0 1 1.127-3.47l1.407-1.205-1.846-.148a3.5 3.5 0 0 1-2.952-2.145zm1.385-1.878c-.512-1.232-2.258-1.232-2.77 0L9.442 7.15a1.5 1.5 0 0 1-1.265.919l-3.044.244c-1.33.106-1.869 1.766-.856 2.634l2.32 1.987a1.5 1.5 0 0 1 .483 1.487l-.709 2.97c-.31 1.298 1.102 2.324 2.241 1.628l2.606-1.591a1.5 1.5 0 0 1 1.564 0l2.606 1.591c1.138.696 2.55-.33 2.24-1.628l-.708-2.97a1.5 1.5 0 0 1 .483-1.487l2.32-1.987c1.013-.868.474-2.528-.856-2.634l-3.044-.244a1.5 1.5 0 0 1-1.265-.92z" clip-rule="evenodd"></path></svg></span><span class="rating__item"><svg viewBox="0 0 24 24" xmlns="http://www.w3.org/2000/svg" width="1em" height="1em" fill="currentColor" class="rating__icon"><path fill-rule="evenodd" d="m12 6.208-.711 1.71a3.5 3.5 0 0 1-2.952 2.144l-1.846.148 1.407 1.205a3.5 3.5 0 0 1 1.127 3.47l-.43 1.8 1.58-.964a3.5 3.5 0 0 1 3.65 0l1.58.965-.43-1.801a3.5 3.5 0 0 1 1.127-3.47l1.407-1.205-1.846-.148a3.5 3.5 0 0 1-2.952-2.145zm1.385-1.878c-.512-1.232-2.258-1.232-2.77 0L9.442 7.15a1.5 1.5 0 0 1-1.265.919l-3.044.244c-1.33.106-1.869 1.766-.856 2.634l2.32 1.987a1.5 1.5 0 0 1 .483 1.487l-.709 2.97c-.31 1.298 1.102 2.324 2.241 1.628l2.606-1.591a1.5 1.5 0 0 1 1.564 0l2.606 1.591c1.138.696 2.55-.33 2.24-1.628l-.708-2.97a1.5 1.5 0 0 1 .483-1.487l2.32-1.987c1.013-.868.474-2.528-.856-2.634l-3.044-.244a1.5 1.5 0 0 1-1.265-.92z" clip-rule="evenodd"></path></svg></span></span>0</li><li class="mb-1.5 flex gap-2"><span class="rating text-2xl"><span class="rating__item"><svg viewBox="0 0 24 24" xmlns="http://www.w3.org/2000/svg" width="1em" height="1em" fill="currentColor" class="rating__icon rating__icon_filled"><path d="M10.615 4.33c.512-1.232 2.258-1.232 2.77 0l1.173 2.82a1.5 1.5 0 0 0 1.265.919l3.044.244c1.33.106 1.869 1.766.856 2.634l-2.32 1.987a1.5 1.5 0 0 0-.483 1.487l.709 2.97c.31 1.298-1.103 2.324-2.241 1.628l-2.606-1.591a1.5 1.5 0 0 0-1.564 0l-2.606 1.591c-1.139.696-2.55-.33-2.24-1.628l.708-2.97a1.5 1.5 0 0 0-.484-1.487l-2.319-1.987c-1.013-.868-.474-2.528.856-2.634l3.044-.244a1.5 1.5 0 0 0 1.265-.92z"></path></svg></span><span class="rating__item"><svg viewBox="0 0 24 24" xmlns="http://www.w3.org/2000/svg" width="1em" height="1em" fill="currentColor" class="rating__icon rating__icon_filled"><path d="M10.615 4.33c.512-1.232 2.258-1.232 2.77 0l1.173 2.82a1.5 1.5 0 0 0 1.265.919l3.044.244c1.33.106 1.869 1.766.856 2.634l-2.32 1.987a1.5 1.5 0 0 0-.483 1.487l.709 2.97c.31 1.298-1.103 2.324-2.241 1.628l-2.606-1.591a1.5 1.5 0 0 0-1.564 0l-2.606 1.591c-1.139.696-2.55-.33-2.24-1.628l.708-2.97a1.5 1.5 0 0 0-.484-1.487l-2.319-1.987c-1.013-.868-.474-2.528.856-2.634l3.044-.244a1.5 1.5 0 0 0 1.265-.92z"></path></svg></span><span class="rating__item"><svg viewBox="0 0 24 24" xmlns="http://www.w3.org/2000/svg" width="1em" height="1em" fill="currentColor" class="rating__icon"><path fill-rule="evenodd" d="m12 6.208-.711 1.71a3.5 3.5 0 0 1-2.952 2.144l-1.846.148 1.407 1.205a3.5 3.5 0 0 1 1.127 3.47l-.43 1.8 1.58-.964a3.5 3.5 0 0 1 3.65 0l1.58.965-.43-1.801a3.5 3.5 0 0 1 1.127-3.47l1.407-1.205-1.846-.148a3.5 3.5 0 0 1-2.952-2.145zm1.385-1.878c-.512-1.232-2.258-1.232-2.77 0L9.442 7.15a1.5 1.5 0 0 1-1.265.919l-3.044.244c-1.33.106-1.869 1.766-.856 2.634l2.32 1.987a1.5 1.5 0 0 1 .483 1.487l-.709 2.97c-.31 1.298 1.102 2.324 2.241 1.628l2.606-1.591a1.5 1.5 0 0 1 1.564 0l2.606 1.591c1.138.696 2.55-.33 2.24-1.628l-.708-2.97a1.5 1.5 0 0 1 .483-1.487l2.32-1.987c1.013-.868.474-2.528-.856-2.634l-3.044-.244a1.5 1.5 0 0 1-1.265-.92z" clip-rule="evenodd"></path></svg></span><span class="rating__item"><svg viewBox="0 0 24 24" xmlns="http://www.w3.org/2000/svg" width="1em" height="1em" fill="currentColor" class="rating__icon"><path fill-rule="evenodd" d="m12 6.208-.711 1.71a3.5 3.5 0 0 1-2.952 2.144l-1.846.148 1.407 1.205a3.5 3.5 0 0 1 1.127 3.47l-.43 1.8 1.58-.964a3.5 3.5 0 0 1 3.65 0l1.58.965-.43-1.801a3.5 3.5 0 0 1 1.127-3.47l1.407-1.205-1.846-.148a3.5 3.5 0 0 1-2.952-2.145zm1.385-1.878c-.512-1.232-2.258-1.232-2.77 0L9.442 7.15a1.5 1.5 0 0 1-1.265.919l-3.044.244c-1.33.106-1.869 1.766-.856 2.634l2.32 1.987a1.5 1.5 0 0 1 .483 1.487l-.709 2.97c-.31 1.298 1.102 2.324 2.241 1.628l2.606-1.591a1.5 1.5 0 0 1 1.564 0l2.606 1.591c1.138.696 2.55-.33 2.24-1.628l-.708-2.97a1.5 1.5 0 0 1 .483-1.487l2.32-1.987c1.013-.868.474-2.528-.856-2.634l-3.044-.244a1.5 1.5 0 0 1-1.265-.92z" clip-rule="evenodd"></path></svg></span><span class="rating__item"><svg viewBox="0 0 24 24" xmlns="http://www.w3.org/2000/svg" width="1em" height="1em" fill="currentColor" class="rating__icon"><path fill-rule="evenodd" d="m12 6.208-.711 1.71a3.5 3.5 0 0 1-2.952 2.144l-1.846.148 1.407 1.205a3.5 3.5 0 0 1 1.127 3.47l-.43 1.8 1.58-.964a3.5 3.5 0 0 1 3.65 0l1.58.965-.43-1.801a3.5 3.5 0 0 1 1.127-3.47l1.407-1.205-1.846-.148a3.5 3.5 0 0 1-2.952-2.145zm1.385-1.878c-.512-1.232-2.258-1.232-2.77 0L9.442 7.15a1.5 1.5 0 0 1-1.265.919l-3.044.244c-1.33.106-1.869 1.766-.856 2.634l2.32 1.987a1.5 1.5 0 0 1 .483 1.487l-.709 2.97c-.31 1.298 1.102 2.324 2.241 1.628l2.606-1.591a1.5 1.5 0 0 1 1.564 0l2.606 1.591c1.138.696 2.55-.33 2.24-1.628l-.708-2.97a1.5 1.5 0 0 1 .483-1.487l2.32-1.987c1.013-.868.474-2.528-.856-2.634l-3.044-.244a1.5 1.5 0 0 1-1.265-.92z" clip-rule="evenodd"></path></svg></span></span>0</li><li class="mb-1.5 flex gap-2"><span class="rating text-2xl"><span class="rating__item"><svg viewBox="0 0 24 24" xmlns="http://www.w3.org/2000/svg" width="1em" height="1em" fill="currentColor" class="rating__icon rating__icon_filled"><path d="M10.615 4.33c.512-1.232 2.258-1.232 2.77 0l1.173 2.82a1.5 1.5 0 0 0 1.265.919l3.044.244c1.33.106 1.869 1.766.856 2.634l-2.32 1.987a1.5 1.5 0 0 0-.483 1.487l.709 2.97c.31 1.298-1.103 2.324-2.241 1.628l-2.606-1.591a1.5 1.5 0 0 0-1.564 0l-2.606 1.591c-1.139.696-2.55-.33-2.24-1.628l.708-2.97a1.5 1.5 0 0 0-.484-1.487l-2.319-1.987c-1.013-.868-.474-2.528.856-2.634l3.044-.244a1.5 1.5 0 0 0 1.265-.92z"></path></svg></span><span class="rating__item"><svg viewBox="0 0 24 24" xmlns="http://www.w3.org/2000/svg" width="1em" height="1em" fill="currentColor" class="rating__icon"><path fill-rule="evenodd" d="m12 6.208-.711 1.71a3.5 3.5 0 0 1-2.952 2.144l-1.846.148 1.407 1.205a3.5 3.5 0 0 1 1.127 3.47l-.43 1.8 1.58-.964a3.5 3.5 0 0 1 3.65 0l1.58.965-.43-1.801a3.5 3.5 0 0 1 1.127-3.47l1.407-1.205-1.846-.148a3.5 3.5 0 0 1-2.952-2.145zm1.385-1.878c-.512-1.232-2.258-1.232-2.77 0L9.442 7.15a1.5 1.5 0 0 1-1.265.919l-3.044.244c-1.33.106-1.869 1.766-.856 2.634l2.32 1.987a1.5 1.5 0 0 1 .483 1.487l-.709 2.97c-.31 1.298 1.102 2.324 2.241 1.628l2.606-1.591a1.5 1.5 0 0 1 1.564 0l2.606 1.591c1.138.696 2.55-.33 2.24-1.628l-.708-2.97a1.5 1.5 0 0 1 .483-1.487l2.32-1.987c1.013-.868.474-2.528-.856-2.634l-3.044-.244a1.5 1.5 0 0 1-1.265-.92z" clip-rule="evenodd"></path></svg></span><span class="rating__item"><svg viewBox="0 0 24 24" xmlns="http://www.w3.org/2000/svg" width="1em" height="1em" fill="currentColor" class="rating__icon"><path fill-rule="evenodd" d="m12 6.208-.711 1.71a3.5 3.5 0 0 1-2.952 2.144l-1.846.148 1.407 1.205a3.5 3.5 0 0 1 1.127 3.47l-.43 1.8 1.58-.964a3.5 3.5 0 0 1 3.65 0l1.58.965-.43-1.801a3.5 3.5 0 0 1 1.127-3.47l1.407-1.205-1.846-.148a3.5 3.5 0 0 1-2.952-2.145zm1.385-1.878c-.512-1.232-2.258-1.232-2.77 0L9.442 7.15a1.5 1.5 0 0 1-1.265.919l-3.044.244c-1.33.106-1.869 1.766-.856 2.634l2.32 1.987a1.5 1.5 0 0 1 .483 1.487l-.709 2.97c-.31 1.298 1.102 2.324 2.241 1.628l2.606-1.591a1.5 1.5 0 0 1 1.564 0l2.606 1.591c1.138.696 2.55-.33 2.24-1.628l-.708-2.97a1.5 1.5 0 0 1 .483-1.487l2.32-1.987c1.013-.868.474-2.528-.856-2.634l-3.044-.244a1.5 1.5 0 0 1-1.265-.92z" clip-rule="evenodd"></path></svg></span><span class="rating__item"><svg viewBox="0 0 24 24" xmlns="http://www.w3.org/2000/svg" width="1em" height="1em" fill="currentColor" class="rating__icon"><path fill-rule="evenodd" d="m12 6.208-.711 1.71a3.5 3.5 0 0 1-2.952 2.144l-1.846.148 1.407 1.205a3.5 3.5 0 0 1 1.127 3.47l-.43 1.8 1.58-.964a3.5 3.5 0 0 1 3.65 0l1.58.965-.43-1.801a3.5 3.5 0 0 1 1.127-3.47l1.407-1.205-1.846-.148a3.5 3.5 0 0 1-2.952-2.145zm1.385-1.878c-.512-1.232-2.258-1.232-2.77 0L9.442 7.15a1.5 1.5 0 0 1-1.265.919l-3.044.244c-1.33.106-1.869 1.766-.856 2.634l2.32 1.987a1.5 1.5 0 0 1 .483 1.487l-.709 2.97c-.31 1.298 1.102 2.324 2.241 1.628l2.606-1.591a1.5 1.5 0 0 1 1.564 0l2.606 1.591c1.138.696 2.55-.33 2.24-1.628l-.708-2.97a1.5 1.5 0 0 1 .483-1.487l2.32-1.987c1.013-.868.474-2.528-.856-2.634l-3.044-.244a1.5 1.5 0 0 1-1.265-.92z" clip-rule="evenodd"></path></svg></span><span class="rating__item"><svg viewBox="0 0 24 24" xmlns="http://www.w3.org/2000/svg" width="1em" height="1em" fill="currentColor" class="rating__icon"><path fill-rule="evenodd" d="m12 6.208-.711 1.71a3.5 3.5 0 0 1-2.952 2.144l-1.846.148 1.407 1.205a3.5 3.5 0 0 1 1.127 3.47l-.43 1.8 1.58-.964a3.5 3.5 0 0 1 3.65 0l1.58.965-.43-1.801a3.5 3.5 0 0 1 1.127-3.47l1.407-1.205-1.846-.148a3.5 3.5 0 0 1-2.952-2.145zm1.385-1.878c-.512-1.232-2.258-1.232-2.77 0L9.442 7.15a1.5 1.5 0 0 1-1.265.919l-3.044.244c-1.33.106-1.869 1.766-.856 2.634l2.32 1.987a1.5 1.5 0 0 1 .483 1.487l-.709 2.97c-.31 1.298 1.102 2.324 2.241 1.628l2.606-1.591a1.5 1.5 0 0 1 1.564 0l2.606 1.591c1.138.696 2.55-.33 2.24-1.628l-.708-2.97a1.5 1.5 0 0 1 .483-1.487l2.32-1.987c1.013-.868.474-2.528-.856-2.634l-3.044-.244a1.5 1.5 0 0 1-1.265-.92z" clip-rule="evenodd"></path></svg></span></span>0</li></ul></div><div class="pt-3.5 text-center"><a href="/faq.htm#faq-product-3" class="link link_brand">So berechnet sich die Note</a></div></div><div class="pt-3.5 text-center"><a href="#ProductReviewsInformationBox" class="link link_brand">So überprüfen wir Produktbewertungen</a></div><div class="mt-3.5 flex flex-col items-start tablet:flex-row tablet:items-center"><h2 class="mb-2 mr-2 whitespace-nowrap text-xl tablet:mb-0">Bewertungen filtern:</h2><button role="combobox" aria-expanded="false" aria-controls=":R2qqlmam56:" class="select-root base-Select-root w-full rounded-md bg-light-primary-medium aria-[expanded=true]:rounded-md" type="button" data-popup-placement="top-start"><span class="select-root__value"><div class="">Deutsch (7)</div></span><svg viewBox="0 0 24 24" xmlns="http://www.w3.org/2000/svg" width="1em" height="1em" fill="currentColor" class="select-root__icon"><path fill-rule="evenodd" d="M5.293 9.453a1 1 0 0 1 1.414 0L12 14.746l5.293-5.293a1 1 0 1 1 1.414 1.414l-5.293 5.293a2 2 0 0 1-2.828 0l-5.293-5.293a1 1 0 0 1 0-1.414" clip-rule="evenodd"></path></svg></button><input tabindex="-1" aria-hidden="true" style="border:0;clip:rect(0 0 0 0);height:1px;margin:-1px;overflow:hidden;padding:0;position:absolute;white-space:nowrap;width:1px" value="de"></div></div><div class="tablet:w-5/12"><button type="button" class="button button_filled button_large button_primary mb-3.5 w-full" data-qa-id="form-ProductDescription-show-login-modal">Bewertung schreiben</button><p>Für jede von Ihnen verfasste Bewertung mit mehr als 50 Wörtern (= Premiumbewertung) erhalten Sie einen <strong>Gutschein</strong> für Ihren nächsten Einkauf!</p><p class="mt-3"><a data-qa-id="more-info-about-premium-reviews" href="/faq.htm#faq-product-4" class="link link_brand">Mehr Informationen zu Premiumbewertungen.</a></p></div></div><ul class="text-dark-primary-max"><li class="border-b border-b-dark-primary-min py-5"><article><h3 class="mb-2 flex flex-col tablet:flex-row tablet:items-center"><div><span class="rating mb-2 text-3xl tablet:mb-0"><span class="rating__item"><svg viewBox="0 0 24 24" xmlns="http://www.w3.org/2000/svg" width="1em" height="1em" fill="currentColor" class="rating__icon rating__icon_filled"><path d="M10.615 4.33c.512-1.232 2.258-1.232 2.77 0l1.173 2.82a1.5 1.5 0 0 0 1.265.919l3.044.244c1.33.106 1.869 1.766.856 2.634l-2.32 1.987a1.5 1.5 0 0 0-.483 1.487l.709 2.97c.31 1.298-1.103 2.324-2.241 1.628l-2.606-1.591a1.5 1.5 0 0 0-1.564 0l-2.606 1.591c-1.139.696-2.55-.33-2.24-1.628l.708-2.97a1.5 1.5 0 0 0-.484-1.487l-2.319-1.987c-1.013-.868-.474-2.528.856-2.634l3.044-.244a1.5 1.5 0 0 0 1.265-.92z"></path></svg></span><span class="rating__item"><svg viewBox="0 0 24 24" xmlns="http://www.w3.org/2000/svg" width="1em" height="1em" fill="currentColor" class="rating__icon rating__icon_filled"><path d="M10.615 4.33c.512-1.232 2.258-1.232 2.77 0l1.173 2.82a1.5 1.5 0 0 0 1.265.919l3.044.244c1.33.106 1.869 1.766.856 2.634l-2.32 1.987a1.5 1.5 0 0 0-.483 1.487l.709 2.97c.31 1.298-1.103 2.324-2.241 1.628l-2.606-1.591a1.5 1.5 0 0 0-1.564 0l-2.606 1.591c-1.139.696-2.55-.33-2.24-1.628l.708-2.97a1.5 1.5 0 0 0-.484-1.487l-2.319-1.987c-1.013-.868-.474-2.528.856-2.634l3.044-.244a1.5 1.5 0 0 0 1.265-.92z"></path></svg></span><span class="rating__item"><svg viewBox="0 0 24 24" xmlns="http://www.w3.org/2000/svg" width="1em" height="1em" fill="currentColor" class="rating__icon rating__icon_filled"><path d="M10.615 4.33c.512-1.232 2.258-1.232 2.77 0l1.173 2.82a1.5 1.5 0 0 0 1.265.919l3.044.244c1.33.106 1.869 1.766.856 2.634l-2.32 1.987a1.5 1.5 0 0 0-.483 1.487l.709 2.97c.31 1.298-1.103 2.324-2.241 1.628l-2.606-1.591a1.5 1.5 0 0 0-1.564 0l-2.606 1.591c-1.139.696-2.55-.33-2.24-1.628l.708-2.97a1.5 1.5 0 0 0-.484-1.487l-2.319-1.987c-1.013-.868-.474-2.528.856-2.634l3.044-.244a1.5 1.5 0 0 0 1.265-.92z"></path></svg></span><span class="rating__item"><svg viewBox="0 0 24 24" xmlns="http://www.w3.org/2000/svg" width="1em" height="1em" fill="currentColor" class="rating__icon rating__icon_filled"><path d="M10.615 4.33c.512-1.232 2.258-1.232 2.77 0l1.173 2.82a1.5 1.5 0 0 0 1.265.919l3.044.244c1.33.106 1.869 1.766.856 2.634l-2.32 1.987a1.5 1.5 0 0 0-.483 1.487l.709 2.97c.31 1.298-1.103 2.324-2.241 1.628l-2.606-1.591a1.5 1.5 0 0 0-1.564 0l-2.606 1.591c-1.139.696-2.55-.33-2.24-1.628l.708-2.97a1.5 1.5 0 0 0-.484-1.487l-2.319-1.987c-1.013-.868-.474-2.528.856-2.634l3.044-.244a1.5 1.5 0 0 0 1.265-.92z"></path></svg></span><span class="rating__item"><svg viewBox="0 0 24 24" xmlns="http://www.w3.org/2000/svg" width="1em" height="1em" fill="currentColor" class="rating__icon rating__icon_filled"><path d="M10.615 4.33c.512-1.232 2.258-1.232 2.77 0l1.173 2.82a1.5 1.5 0 0 0 1.265.919l3.044.244c1.33.106 1.869 1.766.856 2.634l-2.32 1.987a1.5 1.5 0 0 0-.483 1.487l.709 2.97c.31 1.298-1.103 2.324-2.241 1.628l-2.606-1.591a1.5 1.5 0 0 0-1.564 0l-2.606 1.591c-1.139.696-2.55-.33-2.24-1.628l.708-2.97a1.5 1.5 0 0 0-.484-1.487l-2.319-1.987c-1.013-.868-.474-2.528.856-2.634l3.044-.244a1.5 1.5 0 0 0 1.265-.92z"></path></svg></span></span><sup class="align-text-top text-dark-primary-low">27</sup></div><span class="text-m font-medium tablet:ml-2.5">Sanfte Hilfe bei Husten - perfekt für Kinder </span></h3><h4 class="mb-2.5 text-xs font-medium">von<!-- --> <!-- -->Mirela A.<!-- --> <!-- -->am<!-- --> <!-- -->16.11.2024</h4><p class="text-s">Als Mutter achte ich besonders darauf, meinen Kindern sanfte und gut verträgliche Medikamente zu geben. Die Bronchibini Globuli haben mich wirklich überzeugt. Mein Sohn hatte immer wieder mit Reizhusten zu kämpfen, und die Globuli haben ihm spürbar geholfen. Ich finde es toll, dass sie rein natürlich sind und keinen bitteren Geschmack haben – mein Kind nimmt sie problemlos ein. Außerdem schätze ich, dass sie keine Nebenwirkungen haben. Ein Produkt, das ich jeder Mama empfehlen kann!</p></article></li><li class="border-b border-b-dark-primary-min py-5"><article><h3 class="mb-2 flex flex-col tablet:flex-row tablet:items-center"><div><span class="rating mb-2 text-3xl tablet:mb-0"><span class="rating__item"><svg viewBox="0 0 24 24" xmlns="http://www.w3.org/2000/svg" width="1em" height="1em" fill="currentColor" class="rating__icon rating__icon_filled"><path d="M10.615 4.33c.512-1.232 2.258-1.232 2.77 0l1.173 2.82a1.5 1.5 0 0 0 1.265.919l3.044.244c1.33.106 1.869 1.766.856 2.634l-2.32 1.987a1.5 1.5 0 0 0-.483 1.487l.709 2.97c.31 1.298-1.103 2.324-2.241 1.628l-2.606-1.591a1.5 1.5 0 0 0-1.564 0l-2.606 1.591c-1.139.696-2.55-.33-2.24-1.628l.708-2.97a1.5 1.5 0 0 0-.484-1.487l-2.319-1.987c-1.013-.868-.474-2.528.856-2.634l3.044-.244a1.5 1.5 0 0 0 1.265-.92z"></path></svg></span><span class="rating__item"><svg viewBox="0 0 24 24" xmlns="http://www.w3.org/2000/svg" width="1em" height="1em" fill="currentColor" class="rating__icon rating__icon_filled"><path d="M10.615 4.33c.512-1.232 2.258-1.232 2.77 0l1.173 2.82a1.5 1.5 0 0 0 1.265.919l3.044.244c1.33.106 1.869 1.766.856 2.634l-2.32 1.987a1.5 1.5 0 0 0-.483 1.487l.709 2.97c.31 1.298-1.103 2.324-2.241 1.628l-2.606-1.591a1.5 1.5 0 0 0-1.564 0l-2.606 1.591c-1.139.696-2.55-.33-2.24-1.628l.708-2.97a1.5 1.5 0 0 0-.484-1.487l-2.319-1.987c-1.013-.868-.474-2.528.856-2.634l3.044-.244a1.5 1.5 0 0 0 1.265-.92z"></path></svg></span><span class="rating__item"><svg viewBox="0 0 24 24" xmlns="http://www.w3.org/2000/svg" width="1em" height="1em" fill="currentColor" class="rating__icon rating__icon_filled"><path d="M10.615 4.33c.512-1.232 2.258-1.232 2.77 0l1.173 2.82a1.5 1.5 0 0 0 1.265.919l3.044.244c1.33.106 1.869 1.766.856 2.634l-2.32 1.987a1.5 1.5 0 0 0-.483 1.487l.709 2.97c.31 1.298-1.103 2.324-2.241 1.628l-2.606-1.591a1.5 1.5 0 0 0-1.564 0l-2.606 1.591c-1.139.696-2.55-.33-2.24-1.628l.708-2.97a1.5 1.5 0 0 0-.484-1.487l-2.319-1.987c-1.013-.868-.474-2.528.856-2.634l3.044-.244a1.5 1.5 0 0 0 1.265-.92z"></path></svg></span><span class="rating__item"><svg viewBox="0 0 24 24" xmlns="http://www.w3.org/2000/svg" width="1em" height="1em" fill="currentColor" class="rating__icon rating__icon_filled"><path d="M10.615 4.33c.512-1.232 2.258-1.232 2.77 0l1.173 2.82a1.5 1.5 0 0 0 1.265.919l3.044.244c1.33.106 1.869 1.766.856 2.634l-2.32 1.987a1.5 1.5 0 0 0-.483 1.487l.709 2.97c.31 1.298-1.103 2.324-2.241 1.628l-2.606-1.591a1.5 1.5 0 0 0-1.564 0l-2.606 1.591c-1.139.696-2.55-.33-2.24-1.628l.708-2.97a1.5 1.5 0 0 0-.484-1.487l-2.319-1.987c-1.013-.868-.474-2.528.856-2.634l3.044-.244a1.5 1.5 0 0 0 1.265-.92z"></path></svg></span><span class="rating__item"><svg viewBox="0 0 24 24" xmlns="http://www.w3.org/2000/svg" width="1em" height="1em" fill="currentColor" class="rating__icon rating__icon_filled"><path d="M10.615 4.33c.512-1.232 2.258-1.232 2.77 0l1.173 2.82a1.5 1.5 0 0 0 1.265.919l3.044.244c1.33.106 1.869 1.766.856 2.634l-2.32 1.987a1.5 1.5 0 0 0-.483 1.487l.709 2.97c.31 1.298-1.103 2.324-2.241 1.628l-2.606-1.591a1.5 1.5 0 0 0-1.564 0l-2.606 1.591c-1.139.696-2.55-.33-2.24-1.628l.708-2.97a1.5 1.5 0 0 0-.484-1.487l-2.319-1.987c-1.013-.868-.474-2.528.856-2.634l3.044-.244a1.5 1.5 0 0 0 1.265-.92z"></path></svg></span></span><sup class="align-text-top text-dark-primary-low">27</sup></div><span class="text-m font-medium tablet:ml-2.5">Bronchobini</span></h3><h4 class="mb-2.5 text-xs font-medium">von<!-- --> <!-- -->Carmen S.<!-- --> <!-- -->am<!-- --> <!-- -->09.12.2023</h4><p class="text-s">Seit ca. 4 Jahren gebe ich meinem Sohn, der sensible Bronchien hat, bei beginnendem Husten die Globuli Bronchobini. Seitdem gesundet er innerhalb von wenigen Tagen und hat seitdem auch kein Antibiotikum mehr gebraucht. Ich kann die Globuli von Bronchobini definitiv bei beginnendem Husten weiterempfehlen, sie helfen dem Körper sich selbst zu helfen und kräftiger zu werden. </p></article></li><li class="border-b border-b-dark-primary-min py-5"><article><h3 class="mb-2 flex flex-col tablet:flex-row tablet:items-center"><div><span class="rating mb-2 text-3xl tablet:mb-0"><span class="rating__item"><svg viewBox="0 0 24 24" xmlns="http://www.w3.org/2000/svg" width="1em" height="1em" fill="currentColor" class="rating__icon rating__icon_filled"><path d="M10.615 4.33c.512-1.232 2.258-1.232 2.77 0l1.173 2.82a1.5 1.5 0 0 0 1.265.919l3.044.244c1.33.106 1.869 1.766.856 2.634l-2.32 1.987a1.5 1.5 0 0 0-.483 1.487l.709 2.97c.31 1.298-1.103 2.324-2.241 1.628l-2.606-1.591a1.5 1.5 0 0 0-1.564 0l-2.606 1.591c-1.139.696-2.55-.33-2.24-1.628l.708-2.97a1.5 1.5 0 0 0-.484-1.487l-2.319-1.987c-1.013-.868-.474-2.528.856-2.634l3.044-.244a1.5 1.5 0 0 0 1.265-.92z"></path></svg></span><span class="rating__item"><svg viewBox="0 0 24 24" xmlns="http://www.w3.org/2000/svg" width="1em" height="1em" fill="currentColor" class="rating__icon rating__icon_filled"><path d="M10.615 4.33c.512-1.232 2.258-1.232 2.77 0l1.173 2.82a1.5 1.5 0 0 0 1.265.919l3.044.244c1.33.106 1.869 1.766.856 2.634l-2.32 1.987a1.5 1.5 0 0 0-.483 1.487l.709 2.97c.31 1.298-1.103 2.324-2.241 1.628l-2.606-1.591a1.5 1.5 0 0 0-1.564 0l-2.606 1.591c-1.139.696-2.55-.33-2.24-1.628l.708-2.97a1.5 1.5 0 0 0-.484-1.487l-2.319-1.987c-1.013-.868-.474-2.528.856-2.634l3.044-.244a1.5 1.5 0 0 0 1.265-.92z"></path></svg></span><span class="rating__item"><svg viewBox="0 0 24 24" xmlns="http://www.w3.org/2000/svg" width="1em" height="1em" fill="currentColor" class="rating__icon rating__icon_filled"><path d="M10.615 4.33c.512-1.232 2.258-1.232 2.77 0l1.173 2.82a1.5 1.5 0 0 0 1.265.919l3.044.244c1.33.106 1.869 1.766.856 2.634l-2.32 1.987a1.5 1.5 0 0 0-.483 1.487l.709 2.97c.31 1.298-1.103 2.324-2.241 1.628l-2.606-1.591a1.5 1.5 0 0 0-1.564 0l-2.606 1.591c-1.139.696-2.55-.33-2.24-1.628l.708-2.97a1.5 1.5 0 0 0-.484-1.487l-2.319-1.987c-1.013-.868-.474-2.528.856-2.634l3.044-.244a1.5 1.5 0 0 0 1.265-.92z"></path></svg></span><span class="rating__item"><svg viewBox="0 0 24 24" xmlns="http://www.w3.org/2000/svg" width="1em" height="1em" fill="currentColor" class="rating__icon rating__icon_filled"><path d="M10.615 4.33c.512-1.232 2.258-1.232 2.77 0l1.173 2.82a1.5 1.5 0 0 0 1.265.919l3.044.244c1.33.106 1.869 1.766.856 2.634l-2.32 1.987a1.5 1.5 0 0 0-.483 1.487l.709 2.97c.31 1.298-1.103 2.324-2.241 1.628l-2.606-1.591a1.5 1.5 0 0 0-1.564 0l-2.606 1.591c-1.139.696-2.55-.33-2.24-1.628l.708-2.97a1.5 1.5 0 0 0-.484-1.487l-2.319-1.987c-1.013-.868-.474-2.528.856-2.634l3.044-.244a1.5 1.5 0 0 0 1.265-.92z"></path></svg></span><span class="rating__item"><svg viewBox="0 0 24 24" xmlns="http://www.w3.org/2000/svg" width="1em" height="1em" fill="currentColor" class="rating__icon rating__icon_filled"><path d="M10.615 4.33c.512-1.232 2.258-1.232 2.77 0l1.173 2.82a1.5 1.5 0 0 0 1.265.919l3.044.244c1.33.106 1.869 1.766.856 2.634l-2.32 1.987a1.5 1.5 0 0 0-.483 1.487l.709 2.97c.31 1.298-1.103 2.324-2.241 1.628l-2.606-1.591a1.5 1.5 0 0 0-1.564 0l-2.606 1.591c-1.139.696-2.55-.33-2.24-1.628l.708-2.97a1.5 1.5 0 0 0-.484-1.487l-2.319-1.987c-1.013-.868-.474-2.528.856-2.634l3.044-.244a1.5 1.5 0 0 0 1.265-.92z"></path></svg></span></span><sup class="align-text-top text-dark-primary-low">27</sup></div><span class="text-m font-medium tablet:ml-2.5">Hilft</span></h3><h4 class="mb-2.5 text-xs font-medium">von<!-- --> <!-- -->Andrea Z.<!-- --> <!-- -->am<!-- --> <!-- -->16.11.2021</h4><p class="text-s">Habe die Kügelchen schon im Gebrauch seit meine Kinder ein Jahr alt waren. Das Beste was ich bis jetzt ausprobiert habe. Hilft sehr gut bei Kindern und Erwachsenen. Nehme sie selbst sehr gerne bei Husten und Schnupfen. Da es Globoli sind sollten sie aber länger eingenommen weden bis sie die volle Wirkung entfalten.</p></article></li><li class="border-b border-b-dark-primary-min py-5"><article><h3 class="mb-2 flex flex-col tablet:flex-row tablet:items-center"><div><span class="rating mb-2 text-3xl tablet:mb-0"><span class="rating__item"><svg viewBox="0 0 24 24" xmlns="http://www.w3.org/2000/svg" width="1em" height="1em" fill="currentColor" class="rating__icon rating__icon_filled"><path d="M10.615 4.33c.512-1.232 2.258-1.232 2.77 0l1.173 2.82a1.5 1.5 0 0 0 1.265.919l3.044.244c1.33.106 1.869 1.766.856 2.634l-2.32 1.987a1.5 1.5 0 0 0-.483 1.487l.709 2.97c.31 1.298-1.103 2.324-2.241 1.628l-2.606-1.591a1.5 1.5 0 0 0-1.564 0l-2.606 1.591c-1.139.696-2.55-.33-2.24-1.628l.708-2.97a1.5 1.5 0 0 0-.484-1.487l-2.319-1.987c-1.013-.868-.474-2.528.856-2.634l3.044-.244a1.5 1.5 0 0 0 1.265-.92z"></path></svg></span><span class="rating__item"><svg viewBox="0 0 24 24" xmlns="http://www.w3.org/2000/svg" width="1em" height="1em" fill="currentColor" class="rating__icon rating__icon_filled"><path d="M10.615 4.33c.512-1.232 2.258-1.232 2.77 0l1.173 2.82a1.5 1.5 0 0 0 1.265.919l3.044.244c1.33.106 1.869 1.766.856 2.634l-2.32 1.987a1.5 1.5 0 0 0-.483 1.487l.709 2.97c.31 1.298-1.103 2.324-2.241 1.628l-2.606-1.591a1.5 1.5 0 0 0-1.564 0l-2.606 1.591c-1.139.696-2.55-.33-2.24-1.628l.708-2.97a1.5 1.5 0 0 0-.484-1.487l-2.319-1.987c-1.013-.868-.474-2.528.856-2.634l3.044-.244a1.5 1.5 0 0 0 1.265-.92z"></path></svg></span><span class="rating__item"><svg viewBox="0 0 24 24" xmlns="http://www.w3.org/2000/svg" width="1em" height="1em" fill="currentColor" class="rating__icon rating__icon_filled"><path d="M10.615 4.33c.512-1.232 2.258-1.232 2.77 0l1.173 2.82a1.5 1.5 0 0 0 1.265.919l3.044.244c1.33.106 1.869 1.766.856 2.634l-2.32 1.987a1.5 1.5 0 0 0-.483 1.487l.709 2.97c.31 1.298-1.103 2.324-2.241 1.628l-2.606-1.591a1.5 1.5 0 0 0-1.564 0l-2.606 1.591c-1.139.696-2.55-.33-2.24-1.628l.708-2.97a1.5 1.5 0 0 0-.484-1.487l-2.319-1.987c-1.013-.868-.474-2.528.856-2.634l3.044-.244a1.5 1.5 0 0 0 1.265-.92z"></path></svg></span><span class="rating__item"><svg viewBox="0 0 24 24" xmlns="http://www.w3.org/2000/svg" width="1em" height="1em" fill="currentColor" class="rating__icon rating__icon_filled"><path d="M10.615 4.33c.512-1.232 2.258-1.232 2.77 0l1.173 2.82a1.5 1.5 0 0 0 1.265.919l3.044.244c1.33.106 1.869 1.766.856 2.634l-2.32 1.987a1.5 1.5 0 0 0-.483 1.487l.709 2.97c.31 1.298-1.103 2.324-2.241 1.628l-2.606-1.591a1.5 1.5 0 0 0-1.564 0l-2.606 1.591c-1.139.696-2.55-.33-2.24-1.628l.708-2.97a1.5 1.5 0 0 0-.484-1.487l-2.319-1.987c-1.013-.868-.474-2.528.856-2.634l3.044-.244a1.5 1.5 0 0 0 1.265-.92z"></path></svg></span><span class="rating__item"><svg viewBox="0 0 24 24" xmlns="http://www.w3.org/2000/svg" width="1em" height="1em" fill="currentColor" class="rating__icon rating__icon_filled"><path d="M10.615 4.33c.512-1.232 2.258-1.232 2.77 0l1.173 2.82a1.5 1.5 0 0 0 1.265.919l3.044.244c1.33.106 1.869 1.766.856 2.634l-2.32 1.987a1.5 1.5 0 0 0-.483 1.487l.709 2.97c.31 1.298-1.103 2.324-2.241 1.628l-2.606-1.591a1.5 1.5 0 0 0-1.564 0l-2.606 1.591c-1.139.696-2.55-.33-2.24-1.628l.708-2.97a1.5 1.5 0 0 0-.484-1.487l-2.319-1.987c-1.013-.868-.474-2.528.856-2.634l3.044-.244a1.5 1.5 0 0 0 1.265-.92z"></path></svg></span></span><sup class="align-text-top text-dark-primary-low">27</sup></div><span class="text-m font-medium tablet:ml-2.5">Sehr zufrieden</span></h3><h4 class="mb-2.5 text-xs font-medium">von<!-- --> <!-- -->Sabine G.<!-- --> <!-- -->am<!-- --> <!-- -->27.01.2020</h4><p class="text-s">Wir lieben dieses Produkt, es half bei unseren Sohn extrem gut. Er hatte eine sehr starke Erkältung mit Husten, die sich sehr lang hinzog als er 7 Monaten alt war. Er dürfte bis auf Nasen Tropfen nichts nehmen, dann wurden uns diese Globuli empfohlen und nach einer Woche war alles weg. Super Produkt</p></article></li><li class="border-b border-b-dark-primary-min py-5"><article><h3 class="mb-2 flex flex-col tablet:flex-row tablet:items-center"><div><span class="rating mb-2 text-3xl tablet:mb-0"><span class="rating__item"><svg viewBox="0 0 24 24" xmlns="http://www.w3.org/2000/svg" width="1em" height="1em" fill="currentColor" class="rating__icon rating__icon_filled"><path d="M10.615 4.33c.512-1.232 2.258-1.232 2.77 0l1.173 2.82a1.5 1.5 0 0 0 1.265.919l3.044.244c1.33.106 1.869 1.766.856 2.634l-2.32 1.987a1.5 1.5 0 0 0-.483 1.487l.709 2.97c.31 1.298-1.103 2.324-2.241 1.628l-2.606-1.591a1.5 1.5 0 0 0-1.564 0l-2.606 1.591c-1.139.696-2.55-.33-2.24-1.628l.708-2.97a1.5 1.5 0 0 0-.484-1.487l-2.319-1.987c-1.013-.868-.474-2.528.856-2.634l3.044-.244a1.5 1.5 0 0 0 1.265-.92z"></path></svg></span><span class="rating__item"><svg viewBox="0 0 24 24" xmlns="http://www.w3.org/2000/svg" width="1em" height="1em" fill="currentColor" class="rating__icon rating__icon_filled"><path d="M10.615 4.33c.512-1.232 2.258-1.232 2.77 0l1.173 2.82a1.5 1.5 0 0 0 1.265.919l3.044.244c1.33.106 1.869 1.766.856 2.634l-2.32 1.987a1.5 1.5 0 0 0-.483 1.487l.709 2.97c.31 1.298-1.103 2.324-2.241 1.628l-2.606-1.591a1.5 1.5 0 0 0-1.564 0l-2.606 1.591c-1.139.696-2.55-.33-2.24-1.628l.708-2.97a1.5 1.5 0 0 0-.484-1.487l-2.319-1.987c-1.013-.868-.474-2.528.856-2.634l3.044-.244a1.5 1.5 0 0 0 1.265-.92z"></path></svg></span><span class="rating__item"><svg viewBox="0 0 24 24" xmlns="http://www.w3.org/2000/svg" width="1em" height="1em" fill="currentColor" class="rating__icon rating__icon_filled"><path d="M10.615 4.33c.512-1.232 2.258-1.232 2.77 0l1.173 2.82a1.5 1.5 0 0 0 1.265.919l3.044.244c1.33.106 1.869 1.766.856 2.634l-2.32 1.987a1.5 1.5 0 0 0-.483 1.487l.709 2.97c.31 1.298-1.103 2.324-2.241 1.628l-2.606-1.591a1.5 1.5 0 0 0-1.564 0l-2.606 1.591c-1.139.696-2.55-.33-2.24-1.628l.708-2.97a1.5 1.5 0 0 0-.484-1.487l-2.319-1.987c-1.013-.868-.474-2.528.856-2.634l3.044-.244a1.5 1.5 0 0 0 1.265-.92z"></path></svg></span><span class="rating__item"><svg viewBox="0 0 24 24" xmlns="http://www.w3.org/2000/svg" width="1em" height="1em" fill="currentColor" class="rating__icon rating__icon_filled"><path d="M10.615 4.33c.512-1.232 2.258-1.232 2.77 0l1.173 2.82a1.5 1.5 0 0 0 1.265.919l3.044.244c1.33.106 1.869 1.766.856 2.634l-2.32 1.987a1.5 1.5 0 0 0-.483 1.487l.709 2.97c.31 1.298-1.103 2.324-2.241 1.628l-2.606-1.591a1.5 1.5 0 0 0-1.564 0l-2.606 1.591c-1.139.696-2.55-.33-2.24-1.628l.708-2.97a1.5 1.5 0 0 0-.484-1.487l-2.319-1.987c-1.013-.868-.474-2.528.856-2.634l3.044-.244a1.5 1.5 0 0 0 1.265-.92z"></path></svg></span><span class="rating__item"><svg viewBox="0 0 24 24" xmlns="http://www.w3.org/2000/svg" width="1em" height="1em" fill="currentColor" class="rating__icon rating__icon_filled"><path d="M10.615 4.33c.512-1.232 2.258-1.232 2.77 0l1.173 2.82a1.5 1.5 0 0 0 1.265.919l3.044.244c1.33.106 1.869 1.766.856 2.634l-2.32 1.987a1.5 1.5 0 0 0-.483 1.487l.709 2.97c.31 1.298-1.103 2.324-2.241 1.628l-2.606-1.591a1.5 1.5 0 0 0-1.564 0l-2.606 1.591c-1.139.696-2.55-.33-2.24-1.628l.708-2.97a1.5 1.5 0 0 0-.484-1.487l-2.319-1.987c-1.013-.868-.474-2.528.856-2.634l3.044-.244a1.5 1.5 0 0 0 1.265-.92z"></path></svg></span></span><sup class="align-text-top text-dark-primary-low">27</sup></div><span class="text-m font-medium tablet:ml-2.5">Schnelle Hilfe bei Husten</span></h3><h4 class="mb-2.5 text-xs font-medium">von<!-- --> <!-- -->Sandra K.<!-- --> <!-- -->am<!-- --> <!-- -->06.12.2019</h4><p class="text-s">Wir benutzen die Bronchobini-Globulis seit unser Sohn sechs Monate alt war.Damals haben wir sie von der Apotheke empfohlen bekommen, und seitdem nie mehr wieder ausgehen lassen. Die Globulis helfen unserer ganzen Familie schnell und zuverlässig und sind meiner Meinung nach sehr zu empfehlen, vor allen wenn man nicht direkt zu stärkeren Mitteln greifen möchte!</p></article></li><li class="border-b border-b-dark-primary-min py-5"><article><h3 class="mb-2 flex flex-col tablet:flex-row tablet:items-center"><div><span class="rating mb-2 text-3xl tablet:mb-0"><span class="rating__item"><svg viewBox="0 0 24 24" xmlns="http://www.w3.org/2000/svg" width="1em" height="1em" fill="currentColor" class="rating__icon rating__icon_filled"><path d="M10.615 4.33c.512-1.232 2.258-1.232 2.77 0l1.173 2.82a1.5 1.5 0 0 0 1.265.919l3.044.244c1.33.106 1.869 1.766.856 2.634l-2.32 1.987a1.5 1.5 0 0 0-.483 1.487l.709 2.97c.31 1.298-1.103 2.324-2.241 1.628l-2.606-1.591a1.5 1.5 0 0 0-1.564 0l-2.606 1.591c-1.139.696-2.55-.33-2.24-1.628l.708-2.97a1.5 1.5 0 0 0-.484-1.487l-2.319-1.987c-1.013-.868-.474-2.528.856-2.634l3.044-.244a1.5 1.5 0 0 0 1.265-.92z"></path></svg></span><span class="rating__item"><svg viewBox="0 0 24 24" xmlns="http://www.w3.org/2000/svg" width="1em" height="1em" fill="currentColor" class="rating__icon rating__icon_filled"><path d="M10.615 4.33c.512-1.232 2.258-1.232 2.77 0l1.173 2.82a1.5 1.5 0 0 0 1.265.919l3.044.244c1.33.106 1.869 1.766.856 2.634l-2.32 1.987a1.5 1.5 0 0 0-.483 1.487l.709 2.97c.31 1.298-1.103 2.324-2.241 1.628l-2.606-1.591a1.5 1.5 0 0 0-1.564 0l-2.606 1.591c-1.139.696-2.55-.33-2.24-1.628l.708-2.97a1.5 1.5 0 0 0-.484-1.487l-2.319-1.987c-1.013-.868-.474-2.528.856-2.634l3.044-.244a1.5 1.5 0 0 0 1.265-.92z"></path></svg></span><span class="rating__item"><svg viewBox="0 0 24 24" xmlns="http://www.w3.org/2000/svg" width="1em" height="1em" fill="currentColor" class="rating__icon rating__icon_filled"><path d="M10.615 4.33c.512-1.232 2.258-1.232 2.77 0l1.173 2.82a1.5 1.5 0 0 0 1.265.919l3.044.244c1.33.106 1.869 1.766.856 2.634l-2.32 1.987a1.5 1.5 0 0 0-.483 1.487l.709 2.97c.31 1.298-1.103 2.324-2.241 1.628l-2.606-1.591a1.5 1.5 0 0 0-1.564 0l-2.606 1.591c-1.139.696-2.55-.33-2.24-1.628l.708-2.97a1.5 1.5 0 0 0-.484-1.487l-2.319-1.987c-1.013-.868-.474-2.528.856-2.634l3.044-.244a1.5 1.5 0 0 0 1.265-.92z"></path></svg></span><span class="rating__item"><svg viewBox="0 0 24 24" xmlns="http://www.w3.org/2000/svg" width="1em" height="1em" fill="currentColor" class="rating__icon rating__icon_filled"><path d="M10.615 4.33c.512-1.232 2.258-1.232 2.77 0l1.173 2.82a1.5 1.5 0 0 0 1.265.919l3.044.244c1.33.106 1.869 1.766.856 2.634l-2.32 1.987a1.5 1.5 0 0 0-.483 1.487l.709 2.97c.31 1.298-1.103 2.324-2.241 1.628l-2.606-1.591a1.5 1.5 0 0 0-1.564 0l-2.606 1.591c-1.139.696-2.55-.33-2.24-1.628l.708-2.97a1.5 1.5 0 0 0-.484-1.487l-2.319-1.987c-1.013-.868-.474-2.528.856-2.634l3.044-.244a1.5 1.5 0 0 0 1.265-.92z"></path></svg></span><span class="rating__item"><svg viewBox="0 0 24 24" xmlns="http://www.w3.org/2000/svg" width="1em" height="1em" fill="currentColor" class="rating__icon rating__icon_filled"><path d="M10.615 4.33c.512-1.232 2.258-1.232 2.77 0l1.173 2.82a1.5 1.5 0 0 0 1.265.919l3.044.244c1.33.106 1.869 1.766.856 2.634l-2.32 1.987a1.5 1.5 0 0 0-.483 1.487l.709 2.97c.31 1.298-1.103 2.324-2.241 1.628l-2.606-1.591a1.5 1.5 0 0 0-1.564 0l-2.606 1.591c-1.139.696-2.55-.33-2.24-1.628l.708-2.97a1.5 1.5 0 0 0-.484-1.487l-2.319-1.987c-1.013-.868-.474-2.528.856-2.634l3.044-.244a1.5 1.5 0 0 0 1.265-.92z"></path></svg></span></span><sup class="align-text-top text-dark-primary-low">27</sup></div><span class="text-m font-medium tablet:ml-2.5">Sehr zufrieden</span></h3><h4 class="mb-2.5 text-xs font-medium">von Eva-Maria H. am 20.07.2018</h4><p class="text-s">Hab sie meiner Tochter auf Anraten einer befreundeten Ärztin gegeben um das Abklingen eines Krupphusten zu unterstützen und hatte den Eindruck daß sie gut geholfen haben.</p></article></li><li class="border-b border-b-dark-primary-min py-5"><article><h3 class="mb-2 flex flex-col tablet:flex-row tablet:items-center"><div><span class="rating mb-2 text-3xl tablet:mb-0"><span class="rating__item"><svg viewBox="0 0 24 24" xmlns="http://www.w3.org/2000/svg" width="1em" height="1em" fill="currentColor" class="rating__icon rating__icon_filled"><path d="M10.615 4.33c.512-1.232 2.258-1.232 2.77 0l1.173 2.82a1.5 1.5 0 0 0 1.265.919l3.044.244c1.33.106 1.869 1.766.856 2.634l-2.32 1.987a1.5 1.5 0 0 0-.483 1.487l.709 2.97c.31 1.298-1.103 2.324-2.241 1.628l-2.606-1.591a1.5 1.5 0 0 0-1.564 0l-2.606 1.591c-1.139.696-2.55-.33-2.24-1.628l.708-2.97a1.5 1.5 0 0 0-.484-1.487l-2.319-1.987c-1.013-.868-.474-2.528.856-2.634l3.044-.244a1.5 1.5 0 0 0 1.265-.92z"></path></svg></span><span class="rating__item"><svg viewBox="0 0 24 24" xmlns="http://www.w3.org/2000/svg" width="1em" height="1em" fill="currentColor" class="rating__icon rating__icon_filled"><path d="M10.615 4.33c.512-1.232 2.258-1.232 2.77 0l1.173 2.82a1.5 1.5 0 0 0 1.265.919l3.044.244c1.33.106 1.869 1.766.856 2.634l-2.32 1.987a1.5 1.5 0 0 0-.483 1.487l.709 2.97c.31 1.298-1.103 2.324-2.241 1.628l-2.606-1.591a1.5 1.5 0 0 0-1.564 0l-2.606 1.591c-1.139.696-2.55-.33-2.24-1.628l.708-2.97a1.5 1.5 0 0 0-.484-1.487l-2.319-1.987c-1.013-.868-.474-2.528.856-2.634l3.044-.244a1.5 1.5 0 0 0 1.265-.92z"></path></svg></span><span class="rating__item"><svg viewBox="0 0 24 24" xmlns="http://www.w3.org/2000/svg" width="1em" height="1em" fill="currentColor" class="rating__icon rating__icon_filled"><path d="M10.615 4.33c.512-1.232 2.258-1.232 2.77 0l1.173 2.82a1.5 1.5 0 0 0 1.265.919l3.044.244c1.33.106 1.869 1.766.856 2.634l-2.32 1.987a1.5 1.5 0 0 0-.483 1.487l.709 2.97c.31 1.298-1.103 2.324-2.241 1.628l-2.606-1.591a1.5 1.5 0 0 0-1.564 0l-2.606 1.591c-1.139.696-2.55-.33-2.24-1.628l.708-2.97a1.5 1.5 0 0 0-.484-1.487l-2.319-1.987c-1.013-.868-.474-2.528.856-2.634l3.044-.244a1.5 1.5 0 0 0 1.265-.92z"></path></svg></span><span class="rating__item"><svg viewBox="0 0 24 24" xmlns="http://www.w3.org/2000/svg" width="1em" height="1em" fill="currentColor" class="rating__icon rating__icon_filled"><path d="M10.615 4.33c.512-1.232 2.258-1.232 2.77 0l1.173 2.82a1.5 1.5 0 0 0 1.265.919l3.044.244c1.33.106 1.869 1.766.856 2.634l-2.32 1.987a1.5 1.5 0 0 0-.483 1.487l.709 2.97c.31 1.298-1.103 2.324-2.241 1.628l-2.606-1.591a1.5 1.5 0 0 0-1.564 0l-2.606 1.591c-1.139.696-2.55-.33-2.24-1.628l.708-2.97a1.5 1.5 0 0 0-.484-1.487l-2.319-1.987c-1.013-.868-.474-2.528.856-2.634l3.044-.244a1.5 1.5 0 0 0 1.265-.92z"></path></svg></span><span class="rating__item"><svg viewBox="0 0 24 24" xmlns="http://www.w3.org/2000/svg" width="1em" height="1em" fill="currentColor" class="rating__icon rating__icon_filled"><path d="M10.615 4.33c.512-1.232 2.258-1.232 2.77 0l1.173 2.82a1.5 1.5 0 0 0 1.265.919l3.044.244c1.33.106 1.869 1.766.856 2.634l-2.32 1.987a1.5 1.5 0 0 0-.483 1.487l.709 2.97c.31 1.298-1.103 2.324-2.241 1.628l-2.606-1.591a1.5 1.5 0 0 0-1.564 0l-2.606 1.591c-1.139.696-2.55-.33-2.24-1.628l.708-2.97a1.5 1.5 0 0 0-.484-1.487l-2.319-1.987c-1.013-.868-.474-2.528.856-2.634l3.044-.244a1.5 1.5 0 0 0 1.265-.92z"></path></svg></span></span><sup class="align-text-top text-dark-primary-low">27</sup></div><span class="text-m font-medium tablet:ml-2.5">Endlich Husten frei!!</span></h3><h4 class="mb-2.5 text-xs font-medium">von Sandra L. am 25.02.2018</h4><p class="text-s">Ein super Produkt. Unser Kleiner - jetzt 2 Jahre - hätte monatelang Husten. Nichts hat geholfen: Hustensaft, Hustenlöser usw. Nach einer täglichen Einnahme ist nun - nach einem Monat - der Husten endlich weg. Der Kleine liebt es die Kügelchen zunehmen und freut sich richtig wenn ich mit dem blauen Deckel komme. Daumen hoch!</p></article></li></ul><div class="mb-5 mt-3.5 rounded bg-light-primary-medium p-5" id="ProductReviewsInformationBox"><h3 class="mb-2 font-bold">Zur Prüfung der Echtheit</h3><div><p class="break-words">Es werden alle Produktbewertungen veröffentlicht, die den <a href="/faq.htm#faq-product-1" class="link link_brand">hier erläuterten Kriterien</a> entsprechen, unabhängig davon, ob sie positiv oder negativ sind. Für die Verifizierung der (Premium-) Bewertungen erfolgt keine Überprüfung der Echtheit von Kundenbewertungen. Mehr Informationen finden Sie in unserer Hilfe unter "Fragen zu Produktbewertungen" und dann unter "So überprüfen wir Produktbewertungen".</p></div></div></div></div><div class="flex w-full flex-1 flex-col gap-5"><div data-qa-id="cross-sell-widget" data-qa-widget-type="CROSS_SELL_PDP_CENTER_SLIDER" data-analytics="crosssell-widget" data-crosssell-id="297" data-crosssell-title="Häufig zusammen angesehen"><h2 class="mb-3.5 text-xl font-medium tablet:text-2xl">Häufig zusammen angesehen</h2><div class="cross-sell-horizontal-slider"><ul class="cross-sell-horizontal-slider__slider" style="--items-per-page:3"><li class="cross-sell-horizontal-slider__item-wrapper" role="presentation"><section class="mb-2 flex flex-1 flex-col overflow-hidden rounded-2xl shadow-md" data-product-id="10044263"><a class="relative px-7 py-3.5 after:absolute after:inset-0 after:bg-gradient-radial after:from-transparent after:via-transparent after:to-[var(--background-light-primary-medium)] tablet:p-3.5" data-qa-id="form-product-slider-10044263-image-button" href="/homoeopathie/10044263/cutacalmi.htm"><div class="flex aspect-square max-h-[130px] w-full items-center justify-center"><img alt="Cutacalmi®" data-analytics="item-image" loading="lazy" width="160" height="160" decoding="async" data-nimg="1" class="max-h-full w-auto max-w-full" srcset="https://cdn.shop-apotheke.com/images/256x0/D10/044/263/D10044263-p1.jpg 1x, https://cdn.shop-apotheke.com/images/320x0/D10/044/263/D10044263-p1.jpg 2x" src="https://cdn.shop-apotheke.com/images/320x0/D10/044/263/D10044263-p1.jpg" style="color: transparent;"></div><span class="absolute right-2.5 top-3.5 block aspect-square w-12 rounded-full bg-light-tertiary text-center font-mono font-medium leading-[48px] text-dark-primary-max">−20%²</span></a><div class="flex flex-1 flex-col justify-between gap-1 px-2 py-2.5"><a data-analytics="item-title" data-qa-id="form-product-slider-10044263-link-button" title="Cutacalmi®" class="link link_brand line-clamp-3 overflow-hidden text-ellipsis font-medium text-dark-primary-max no-underline" href="/homoeopathie/10044263/cutacalmi.htm">Cutacalmi®</a><div class="flex flex-col gap-1"><span class="flex flex-col gap-0.5"><span class="flex"><a data-qa-id="product-rating" class="link link_brand flex" href="/homoeopathie/10044263/cutacalmi.htm#user-reviews-section"><span class="rating text-xl"><span class="rating__item -mx-0.5"><svg viewBox="0 0 24 24" xmlns="http://www.w3.org/2000/svg" width="1em" height="1em" fill="currentColor" class="rating__icon rating__icon_filled"><path d="M10.615 4.33c.512-1.232 2.258-1.232 2.77 0l1.173 2.82a1.5 1.5 0 0 0 1.265.919l3.044.244c1.33.106 1.869 1.766.856 2.634l-2.32 1.987a1.5 1.5 0 0 0-.483 1.487l.709 2.97c.31 1.298-1.103 2.324-2.241 1.628l-2.606-1.591a1.5 1.5 0 0 0-1.564 0l-2.606 1.591c-1.139.696-2.55-.33-2.24-1.628l.708-2.97a1.5 1.5 0 0 0-.484-1.487l-2.319-1.987c-1.013-.868-.474-2.528.856-2.634l3.044-.244a1.5 1.5 0 0 0 1.265-.92z"></path></svg></span><span class="rating__item -mx-0.5"><svg viewBox="0 0 24 24" xmlns="http://www.w3.org/2000/svg" width="1em" height="1em" fill="currentColor" class="rating__icon rating__icon_filled"><path d="M10.615 4.33c.512-1.232 2.258-1.232 2.77 0l1.173 2.82a1.5 1.5 0 0 0 1.265.919l3.044.244c1.33.106 1.869 1.766.856 2.634l-2.32 1.987a1.5 1.5 0 0 0-.483 1.487l.709 2.97c.31 1.298-1.103 2.324-2.241 1.628l-2.606-1.591a1.5 1.5 0 0 0-1.564 0l-2.606 1.591c-1.139.696-2.55-.33-2.24-1.628l.708-2.97a1.5 1.5 0 0 0-.484-1.487l-2.319-1.987c-1.013-.868-.474-2.528.856-2.634l3.044-.244a1.5 1.5 0 0 0 1.265-.92z"></path></svg></span><span class="rating__item -mx-0.5"><svg viewBox="0 0 24 24" xmlns="http://www.w3.org/2000/svg" width="1em" height="1em" fill="currentColor" class="rating__icon rating__icon_filled"><path d="M10.615 4.33c.512-1.232 2.258-1.232 2.77 0l1.173 2.82a1.5 1.5 0 0 0 1.265.919l3.044.244c1.33.106 1.869 1.766.856 2.634l-2.32 1.987a1.5 1.5 0 0 0-.483 1.487l.709 2.97c.31 1.298-1.103 2.324-2.241 1.628l-2.606-1.591a1.5 1.5 0 0 0-1.564 0l-2.606 1.591c-1.139.696-2.55-.33-2.24-1.628l.708-2.97a1.5 1.5 0 0 0-.484-1.487l-2.319-1.987c-1.013-.868-.474-2.528.856-2.634l3.044-.244a1.5 1.5 0 0 0 1.265-.92z"></path></svg></span><span class="rating__item -mx-0.5"><svg viewBox="0 0 24 24" xmlns="http://www.w3.org/2000/svg" width="1em" height="1em" fill="currentColor" class="rating__icon rating__icon_filled"><path d="M10.615 4.33c.512-1.232 2.258-1.232 2.77 0l1.173 2.82a1.5 1.5 0 0 0 1.265.919l3.044.244c1.33.106 1.869 1.766.856 2.634l-2.32 1.987a1.5 1.5 0 0 0-.483 1.487l.709 2.97c.31 1.298-1.103 2.324-2.241 1.628l-2.606-1.591a1.5 1.5 0 0 0-1.564 0l-2.606 1.591c-1.139.696-2.55-.33-2.24-1.628l.708-2.97a1.5 1.5 0 0 0-.484-1.487l-2.319-1.987c-1.013-.868-.474-2.528.856-2.634l3.044-.244a1.5 1.5 0 0 0 1.265-.92z"></path></svg></span><span class="rating__item -mx-0.5"><svg viewBox="0 0 24 24" xmlns="http://www.w3.org/2000/svg" width="1em" height="1em" fill="currentColor" class="rating__icon rating__icon_filled"><path d="M10.615 4.33c.512-1.232 2.258-1.232 2.77 0l1.173 2.82a1.5 1.5 0 0 0 1.265.919l3.044.244c1.33.106 1.869 1.766.856 2.634l-2.32 1.987a1.5 1.5 0 0 0-.483 1.487l.709 2.97c.31 1.298-1.103 2.324-2.241 1.628l-2.606-1.591a1.5 1.5 0 0 0-1.564 0l-2.606 1.591c-1.139.696-2.55-.33-2.24-1.628l.708-2.97a1.5 1.5 0 0 0-.484-1.487l-2.319-1.987c-1.013-.868-.474-2.528.856-2.634l3.044-.244a1.5 1.5 0 0 0 1.265-.92z"></path></svg></span></span></a><sup class="top-1">27</sup></span><a data-qa-id="product-rating" class="link link_brand leading-l text-dark-primary-max" href="/homoeopathie/10044263/cutacalmi.htm#user-reviews-section">(2)</a></span><span class="line-clamp-2 min-h-[42px] text-dark-primary-max">2 g | Globuli</span><div class="flex min-h-[39px] flex-col"><span class="flex flex-col"><span class="min-h-[21px] whitespace-nowrap text-dark-primary-low line-through">€&nbsp;14,99¹</span><span class="whitespace-nowrap text-2xl font-bold leading-l text-dark-brand">€&nbsp;11,99</span></span><span class="min-h-[21px] text-s text-dark-primary-medium">€&nbsp;599,50 / 100 g</span></div></div></div></section></li><li class="cross-sell-horizontal-slider__item-wrapper" role="presentation"><section class="mb-2 flex flex-1 flex-col overflow-hidden rounded-2xl shadow-md" data-product-id="10044286"><a class="relative px-7 py-3.5 after:absolute after:inset-0 after:bg-gradient-radial after:from-transparent after:via-transparent after:to-[var(--background-light-primary-medium)] tablet:p-3.5" data-qa-id="form-product-slider-10044286-image-button" href="/homoeopathie/10044286/flatulini.htm"><div class="flex aspect-square max-h-[130px] w-full items-center justify-center"><img alt="Flatulini®" data-analytics="item-image" loading="lazy" width="160" height="160" decoding="async" data-nimg="1" class="max-h-full w-auto max-w-full" srcset="https://cdn.shop-apotheke.com/images/256x0/D10/044/286/D10044286-p1.jpg 1x, https://cdn.shop-apotheke.com/images/320x0/D10/044/286/D10044286-p1.jpg 2x" src="https://cdn.shop-apotheke.com/images/320x0/D10/044/286/D10044286-p1.jpg" style="color: transparent;"></div><span class="absolute right-2.5 top-3.5 block aspect-square w-12 rounded-full bg-light-tertiary text-center font-mono font-medium leading-[48px] text-dark-primary-max">−20%²</span></a><div class="flex flex-1 flex-col justify-between gap-1 px-2 py-2.5"><a data-analytics="item-title" data-qa-id="form-product-slider-10044286-link-button" title="Flatulini®" class="link link_brand line-clamp-3 overflow-hidden text-ellipsis font-medium text-dark-primary-max no-underline" href="/homoeopathie/10044286/flatulini.htm">Flatulini®</a><div class="flex flex-col gap-1"><span class="flex flex-col gap-0.5"><span class="flex"><a data-qa-id="product-rating" class="link link_brand flex" href="/homoeopathie/10044286/flatulini.htm#user-reviews-section"><span class="rating text-xl"><span class="rating__item -mx-0.5"><svg viewBox="0 0 24 24" xmlns="http://www.w3.org/2000/svg" width="1em" height="1em" fill="currentColor" class="rating__icon rating__icon_filled"><path d="M10.615 4.33c.512-1.232 2.258-1.232 2.77 0l1.173 2.82a1.5 1.5 0 0 0 1.265.919l3.044.244c1.33.106 1.869 1.766.856 2.634l-2.32 1.987a1.5 1.5 0 0 0-.483 1.487l.709 2.97c.31 1.298-1.103 2.324-2.241 1.628l-2.606-1.591a1.5 1.5 0 0 0-1.564 0l-2.606 1.591c-1.139.696-2.55-.33-2.24-1.628l.708-2.97a1.5 1.5 0 0 0-.484-1.487l-2.319-1.987c-1.013-.868-.474-2.528.856-2.634l3.044-.244a1.5 1.5 0 0 0 1.265-.92z"></path></svg></span><span class="rating__item -mx-0.5"><svg viewBox="0 0 24 24" xmlns="http://www.w3.org/2000/svg" width="1em" height="1em" fill="currentColor" class="rating__icon rating__icon_filled"><path d="M10.615 4.33c.512-1.232 2.258-1.232 2.77 0l1.173 2.82a1.5 1.5 0 0 0 1.265.919l3.044.244c1.33.106 1.869 1.766.856 2.634l-2.32 1.987a1.5 1.5 0 0 0-.483 1.487l.709 2.97c.31 1.298-1.103 2.324-2.241 1.628l-2.606-1.591a1.5 1.5 0 0 0-1.564 0l-2.606 1.591c-1.139.696-2.55-.33-2.24-1.628l.708-2.97a1.5 1.5 0 0 0-.484-1.487l-2.319-1.987c-1.013-.868-.474-2.528.856-2.634l3.044-.244a1.5 1.5 0 0 0 1.265-.92z"></path></svg></span><span class="rating__item -mx-0.5"><svg viewBox="0 0 24 24" xmlns="http://www.w3.org/2000/svg" width="1em" height="1em" fill="currentColor" class="rating__icon rating__icon_filled"><path d="M10.615 4.33c.512-1.232 2.258-1.232 2.77 0l1.173 2.82a1.5 1.5 0 0 0 1.265.919l3.044.244c1.33.106 1.869 1.766.856 2.634l-2.32 1.987a1.5 1.5 0 0 0-.483 1.487l.709 2.97c.31 1.298-1.103 2.324-2.241 1.628l-2.606-1.591a1.5 1.5 0 0 0-1.564 0l-2.606 1.591c-1.139.696-2.55-.33-2.24-1.628l.708-2.97a1.5 1.5 0 0 0-.484-1.487l-2.319-1.987c-1.013-.868-.474-2.528.856-2.634l3.044-.244a1.5 1.5 0 0 0 1.265-.92z"></path></svg></span><span class="rating__item -mx-0.5"><svg viewBox="0 0 24 24" xmlns="http://www.w3.org/2000/svg" width="1em" height="1em" fill="currentColor" class="rating__icon rating__icon_filled"><path d="M10.615 4.33c.512-1.232 2.258-1.232 2.77 0l1.173 2.82a1.5 1.5 0 0 0 1.265.919l3.044.244c1.33.106 1.869 1.766.856 2.634l-2.32 1.987a1.5 1.5 0 0 0-.483 1.487l.709 2.97c.31 1.298-1.103 2.324-2.241 1.628l-2.606-1.591a1.5 1.5 0 0 0-1.564 0l-2.606 1.591c-1.139.696-2.55-.33-2.24-1.628l.708-2.97a1.5 1.5 0 0 0-.484-1.487l-2.319-1.987c-1.013-.868-.474-2.528.856-2.634l3.044-.244a1.5 1.5 0 0 0 1.265-.92z"></path></svg></span><span class="rating__item -mx-0.5"><svg viewBox="0 0 24 24" xmlns="http://www.w3.org/2000/svg" width="1em" height="1em" fill="currentColor" class="rating__icon rating__icon_filled"><path d="M10.615 4.33c.512-1.232 2.258-1.232 2.77 0l1.173 2.82a1.5 1.5 0 0 0 1.265.919l3.044.244c1.33.106 1.869 1.766.856 2.634l-2.32 1.987a1.5 1.5 0 0 0-.483 1.487l.709 2.97c.31 1.298-1.103 2.324-2.241 1.628l-2.606-1.591a1.5 1.5 0 0 0-1.564 0l-2.606 1.591c-1.139.696-2.55-.33-2.24-1.628l.708-2.97a1.5 1.5 0 0 0-.484-1.487l-2.319-1.987c-1.013-.868-.474-2.528.856-2.634l3.044-.244a1.5 1.5 0 0 0 1.265-.92z"></path></svg></span></span></a><sup class="top-1">27</sup></span><a data-qa-id="product-rating" class="link link_brand leading-l text-dark-primary-max" href="/homoeopathie/10044286/flatulini.htm#user-reviews-section">(4)</a></span><span class="line-clamp-2 min-h-[42px] text-dark-primary-max">2 g | Globuli</span><div class="flex min-h-[39px] flex-col"><span class="flex flex-col"><span class="min-h-[21px] whitespace-nowrap text-dark-primary-low line-through">€&nbsp;14,99¹</span><span class="whitespace-nowrap text-2xl font-bold leading-l text-dark-brand">€&nbsp;11,99</span></span><span class="min-h-[21px] text-s text-dark-primary-medium">€&nbsp;599,50 / 100 g</span></div></div></div></section></li><li class="cross-sell-horizontal-slider__item-wrapper" role="presentation"><section class="mb-2 flex flex-1 flex-col overflow-hidden rounded-2xl shadow-md" data-product-id="10044292"><a class="relative px-7 py-3.5 after:absolute after:inset-0 after:bg-gradient-radial after:from-transparent after:via-transparent after:to-[var(--background-light-primary-medium)] tablet:p-3.5" data-qa-id="form-product-slider-10044292-image-button" href="/homoeopathie/10044292/lunafini.htm"><div class="flex aspect-square max-h-[130px] w-full items-center justify-center"><img alt="Lunafini®" data-analytics="item-image" loading="lazy" width="160" height="160" decoding="async" data-nimg="1" class="max-h-full w-auto max-w-full" srcset="https://cdn.shop-apotheke.com/images/256x0/D10/044/292/D10044292-p1.jpg 1x, https://cdn.shop-apotheke.com/images/320x0/D10/044/292/D10044292-p1.jpg 2x" src="https://cdn.shop-apotheke.com/images/320x0/D10/044/292/D10044292-p1.jpg" style="color: transparent;"></div><span class="absolute right-2.5 top-3.5 block aspect-square w-12 rounded-full bg-light-tertiary text-center font-mono font-medium leading-[48px] text-dark-primary-max">−17%²</span></a><div class="flex flex-1 flex-col justify-between gap-1 px-2 py-2.5"><a data-analytics="item-title" data-qa-id="form-product-slider-10044292-link-button" title="Lunafini®" class="link link_brand line-clamp-3 overflow-hidden text-ellipsis font-medium text-dark-primary-max no-underline" href="/homoeopathie/10044292/lunafini.htm">Lunafini®</a><div class="flex flex-col gap-1"><span class="flex flex-col gap-0.5"><span class="flex"><a data-qa-id="product-rating" class="link link_brand flex" href="/homoeopathie/10044292/lunafini.htm#user-reviews-section"><span class="rating text-xl"><span class="rating__item -mx-0.5"><svg viewBox="0 0 24 24" xmlns="http://www.w3.org/2000/svg" width="1em" height="1em" fill="currentColor" class="rating__icon rating__icon_filled"><path d="M10.615 4.33c.512-1.232 2.258-1.232 2.77 0l1.173 2.82a1.5 1.5 0 0 0 1.265.919l3.044.244c1.33.106 1.869 1.766.856 2.634l-2.32 1.987a1.5 1.5 0 0 0-.483 1.487l.709 2.97c.31 1.298-1.103 2.324-2.241 1.628l-2.606-1.591a1.5 1.5 0 0 0-1.564 0l-2.606 1.591c-1.139.696-2.55-.33-2.24-1.628l.708-2.97a1.5 1.5 0 0 0-.484-1.487l-2.319-1.987c-1.013-.868-.474-2.528.856-2.634l3.044-.244a1.5 1.5 0 0 0 1.265-.92z"></path></svg></span><span class="rating__item -mx-0.5"><svg viewBox="0 0 24 24" xmlns="http://www.w3.org/2000/svg" width="1em" height="1em" fill="currentColor" class="rating__icon rating__icon_filled"><path d="M10.615 4.33c.512-1.232 2.258-1.232 2.77 0l1.173 2.82a1.5 1.5 0 0 0 1.265.919l3.044.244c1.33.106 1.869 1.766.856 2.634l-2.32 1.987a1.5 1.5 0 0 0-.483 1.487l.709 2.97c.31 1.298-1.103 2.324-2.241 1.628l-2.606-1.591a1.5 1.5 0 0 0-1.564 0l-2.606 1.591c-1.139.696-2.55-.33-2.24-1.628l.708-2.97a1.5 1.5 0 0 0-.484-1.487l-2.319-1.987c-1.013-.868-.474-2.528.856-2.634l3.044-.244a1.5 1.5 0 0 0 1.265-.92z"></path></svg></span><span class="rating__item -mx-0.5"><svg viewBox="0 0 24 24" xmlns="http://www.w3.org/2000/svg" width="1em" height="1em" fill="currentColor" class="rating__icon rating__icon_filled"><path d="M10.615 4.33c.512-1.232 2.258-1.232 2.77 0l1.173 2.82a1.5 1.5 0 0 0 1.265.919l3.044.244c1.33.106 1.869 1.766.856 2.634l-2.32 1.987a1.5 1.5 0 0 0-.483 1.487l.709 2.97c.31 1.298-1.103 2.324-2.241 1.628l-2.606-1.591a1.5 1.5 0 0 0-1.564 0l-2.606 1.591c-1.139.696-2.55-.33-2.24-1.628l.708-2.97a1.5 1.5 0 0 0-.484-1.487l-2.319-1.987c-1.013-.868-.474-2.528.856-2.634l3.044-.244a1.5 1.5 0 0 0 1.265-.92z"></path></svg></span><span class="rating__item -mx-0.5"><svg viewBox="0 0 24 24" xmlns="http://www.w3.org/2000/svg" width="1em" height="1em" fill="currentColor" class="rating__icon rating__icon_filled"><path d="M10.615 4.33c.512-1.232 2.258-1.232 2.77 0l1.173 2.82a1.5 1.5 0 0 0 1.265.919l3.044.244c1.33.106 1.869 1.766.856 2.634l-2.32 1.987a1.5 1.5 0 0 0-.483 1.487l.709 2.97c.31 1.298-1.103 2.324-2.241 1.628l-2.606-1.591a1.5 1.5 0 0 0-1.564 0l-2.606 1.591c-1.139.696-2.55-.33-2.24-1.628l.708-2.97a1.5 1.5 0 0 0-.484-1.487l-2.319-1.987c-1.013-.868-.474-2.528.856-2.634l3.044-.244a1.5 1.5 0 0 0 1.265-.92z"></path></svg></span><span class="rating__item -mx-0.5"><svg viewBox="0 0 24 24" xmlns="http://www.w3.org/2000/svg" width="1em" height="1em" fill="currentColor" class="rating__icon rating__icon_filled"><path d="M10.615 4.33c.512-1.232 2.258-1.232 2.77 0l1.173 2.82a1.5 1.5 0 0 0 1.265.919l3.044.244c1.33.106 1.869 1.766.856 2.634l-2.32 1.987a1.5 1.5 0 0 0-.483 1.487l.709 2.97c.31 1.298-1.103 2.324-2.241 1.628l-2.606-1.591a1.5 1.5 0 0 0-1.564 0l-2.606 1.591c-1.139.696-2.55-.33-2.24-1.628l.708-2.97a1.5 1.5 0 0 0-.484-1.487l-2.319-1.987c-1.013-.868-.474-2.528.856-2.634l3.044-.244a1.5 1.5 0 0 0 1.265-.92z"></path></svg></span></span></a><sup class="top-1">27</sup></span><a data-qa-id="product-rating" class="link link_brand leading-l text-dark-primary-max" href="/homoeopathie/10044292/lunafini.htm#user-reviews-section">(2)</a></span><span class="line-clamp-2 min-h-[42px] text-dark-primary-max">2 g | Globuli</span><div class="flex min-h-[39px] flex-col"><span class="flex flex-col"><span class="min-h-[21px] whitespace-nowrap text-dark-primary-low line-through">€&nbsp;14,99¹</span><span class="whitespace-nowrap text-2xl font-bold leading-l text-dark-brand">€&nbsp;12,49</span></span><span class="min-h-[21px] text-s text-dark-primary-medium">€&nbsp;624,50 / 100 g</span></div></div></div></section></li><li class="cross-sell-horizontal-slider__item-wrapper" role="presentation"><section class="mb-2 flex flex-1 flex-col overflow-hidden rounded-2xl shadow-md" data-product-id="15373149"><a class="relative px-7 py-3.5 after:absolute after:inset-0 after:bg-gradient-radial after:from-transparent after:via-transparent after:to-[var(--background-light-primary-medium)] tablet:p-3.5" data-qa-id="form-product-slider-15373149-image-button" href="/homoeopathie/15373149/osarhin.htm"><div class="flex aspect-square max-h-[130px] w-full items-center justify-center"><img alt="Osarhin®" data-analytics="item-image" loading="lazy" width="160" height="160" decoding="async" data-nimg="1" class="max-h-full w-auto max-w-full" srcset="https://cdn.shop-apotheke.com/images/256x0/D15/373/149/D15373149-p1.jpg 1x, https://cdn.shop-apotheke.com/images/320x0/D15/373/149/D15373149-p1.jpg 2x" src="https://cdn.shop-apotheke.com/images/320x0/D15/373/149/D15373149-p1.jpg" style="color: transparent;"></div><span class="absolute right-2.5 top-3.5 block aspect-square w-12 rounded-full bg-light-tertiary text-center font-mono font-medium leading-[48px] text-dark-primary-max">−17%²</span></a><div class="flex flex-1 flex-col justify-between gap-1 px-2 py-2.5"><a data-analytics="item-title" data-qa-id="form-product-slider-15373149-link-button" title="Osarhin®" class="link link_brand line-clamp-3 overflow-hidden text-ellipsis font-medium text-dark-primary-max no-underline" href="/homoeopathie/15373149/osarhin.htm">Osarhin®</a><div class="flex flex-col gap-1"><span class="flex flex-col gap-0.5"><span class="flex"><a data-qa-id="product-rating" class="link link_brand flex" href="/homoeopathie/15373149/osarhin.htm#user-reviews-section"><span class="rating text-xl"><span class="rating__item -mx-0.5"><svg viewBox="0 0 24 24" xmlns="http://www.w3.org/2000/svg" width="1em" height="1em" fill="currentColor" class="rating__icon rating__icon_filled"><path d="M10.615 4.33c.512-1.232 2.258-1.232 2.77 0l1.173 2.82a1.5 1.5 0 0 0 1.265.919l3.044.244c1.33.106 1.869 1.766.856 2.634l-2.32 1.987a1.5 1.5 0 0 0-.483 1.487l.709 2.97c.31 1.298-1.103 2.324-2.241 1.628l-2.606-1.591a1.5 1.5 0 0 0-1.564 0l-2.606 1.591c-1.139.696-2.55-.33-2.24-1.628l.708-2.97a1.5 1.5 0 0 0-.484-1.487l-2.319-1.987c-1.013-.868-.474-2.528.856-2.634l3.044-.244a1.5 1.5 0 0 0 1.265-.92z"></path></svg></span><span class="rating__item -mx-0.5"><svg viewBox="0 0 24 24" xmlns="http://www.w3.org/2000/svg" width="1em" height="1em" fill="currentColor" class="rating__icon rating__icon_filled"><path d="M10.615 4.33c.512-1.232 2.258-1.232 2.77 0l1.173 2.82a1.5 1.5 0 0 0 1.265.919l3.044.244c1.33.106 1.869 1.766.856 2.634l-2.32 1.987a1.5 1.5 0 0 0-.483 1.487l.709 2.97c.31 1.298-1.103 2.324-2.241 1.628l-2.606-1.591a1.5 1.5 0 0 0-1.564 0l-2.606 1.591c-1.139.696-2.55-.33-2.24-1.628l.708-2.97a1.5 1.5 0 0 0-.484-1.487l-2.319-1.987c-1.013-.868-.474-2.528.856-2.634l3.044-.244a1.5 1.5 0 0 0 1.265-.92z"></path></svg></span><span class="rating__item -mx-0.5"><svg viewBox="0 0 24 24" xmlns="http://www.w3.org/2000/svg" width="1em" height="1em" fill="currentColor" class="rating__icon rating__icon_filled"><path d="M10.615 4.33c.512-1.232 2.258-1.232 2.77 0l1.173 2.82a1.5 1.5 0 0 0 1.265.919l3.044.244c1.33.106 1.869 1.766.856 2.634l-2.32 1.987a1.5 1.5 0 0 0-.483 1.487l.709 2.97c.31 1.298-1.103 2.324-2.241 1.628l-2.606-1.591a1.5 1.5 0 0 0-1.564 0l-2.606 1.591c-1.139.696-2.55-.33-2.24-1.628l.708-2.97a1.5 1.5 0 0 0-.484-1.487l-2.319-1.987c-1.013-.868-.474-2.528.856-2.634l3.044-.244a1.5 1.5 0 0 0 1.265-.92z"></path></svg></span><span class="rating__item -mx-0.5"><svg viewBox="0 0 24 24" xmlns="http://www.w3.org/2000/svg" width="1em" height="1em" fill="currentColor" class="rating__icon rating__icon_filled"><path d="M10.615 4.33c.512-1.232 2.258-1.232 2.77 0l1.173 2.82a1.5 1.5 0 0 0 1.265.919l3.044.244c1.33.106 1.869 1.766.856 2.634l-2.32 1.987a1.5 1.5 0 0 0-.483 1.487l.709 2.97c.31 1.298-1.103 2.324-2.241 1.628l-2.606-1.591a1.5 1.5 0 0 0-1.564 0l-2.606 1.591c-1.139.696-2.55-.33-2.24-1.628l.708-2.97a1.5 1.5 0 0 0-.484-1.487l-2.319-1.987c-1.013-.868-.474-2.528.856-2.634l3.044-.244a1.5 1.5 0 0 0 1.265-.92z"></path></svg></span><span class="rating__item -mx-0.5"><svg viewBox="0 0 24 24" xmlns="http://www.w3.org/2000/svg" width="1em" height="1em" fill="currentColor" class="rating__icon"><path fill-rule="evenodd" d="m12 6.208-.711 1.71a3.5 3.5 0 0 1-2.952 2.144l-1.846.148 1.407 1.205a3.5 3.5 0 0 1 1.127 3.47l-.43 1.8 1.58-.964a3.5 3.5 0 0 1 3.65 0l1.58.965-.43-1.801a3.5 3.5 0 0 1 1.127-3.47l1.407-1.205-1.846-.148a3.5 3.5 0 0 1-2.952-2.145zm1.385-1.878c-.512-1.232-2.258-1.232-2.77 0L9.442 7.15a1.5 1.5 0 0 1-1.265.919l-3.044.244c-1.33.106-1.869 1.766-.856 2.634l2.32 1.987a1.5 1.5 0 0 1 .483 1.487l-.709 2.97c-.31 1.298 1.102 2.324 2.241 1.628l2.606-1.591a1.5 1.5 0 0 1 1.564 0l2.606 1.591c1.138.696 2.55-.33 2.24-1.628l-.708-2.97a1.5 1.5 0 0 1 .483-1.487l2.32-1.987c1.013-.868.474-2.528-.856-2.634l-3.044-.244a1.5 1.5 0 0 1-1.265-.92z" clip-rule="evenodd"></path></svg></span></span></a><sup class="top-1">27</sup></span><a data-qa-id="product-rating" class="link link_brand leading-l text-dark-primary-max" href="/homoeopathie/15373149/osarhin.htm#user-reviews-section">(1)</a></span><span class="line-clamp-2 min-h-[42px] text-dark-primary-max">7,5 g | Globuli</span><div class="flex min-h-[39px] flex-col"><span class="flex flex-col"><span class="min-h-[21px] whitespace-nowrap text-dark-primary-low line-through">€&nbsp;10,85¹</span><span class="whitespace-nowrap text-2xl font-bold leading-l text-dark-brand">€&nbsp;8,99</span></span><span class="min-h-[21px] text-s text-dark-primary-medium">€&nbsp;119,87 / 100 g</span></div></div></div></section></li><li class="cross-sell-horizontal-slider__item-wrapper" role="presentation"><section class="mb-2 flex flex-1 flex-col overflow-hidden rounded-2xl shadow-md" data-product-id="00085350"><a class="relative px-7 py-3.5 after:absolute after:inset-0 after:bg-gradient-radial after:from-transparent after:via-transparent after:to-[var(--background-light-primary-medium)] tablet:p-3.5" data-qa-id="form-product-slider-00085350-image-button" href="/homoeopathie/85350/wala-bronchi-plantago-globuli-velati.htm"><div class="flex aspect-square max-h-[130px] w-full items-center justify-center"><img alt="WALA® Bronchi Plantago Globuli Velati" data-analytics="item-image" loading="lazy" width="160" height="160" decoding="async" data-nimg="1" class="max-h-full w-auto max-w-full" srcset="https://cdn.shop-apotheke.com/images/256x0/D00/085/350/D00085350-p1.jpg 1x, https://cdn.shop-apotheke.com/images/320x0/D00/085/350/D00085350-p1.jpg 2x" src="https://cdn.shop-apotheke.com/images/320x0/D00/085/350/D00085350-p1.jpg" style="color: transparent;"></div><span class="absolute right-2.5 top-3.5 block aspect-square w-12 rounded-full bg-light-tertiary text-center font-mono font-medium leading-[48px] text-dark-primary-max">−23%²</span></a><div class="flex flex-1 flex-col justify-between gap-1 px-2 py-2.5"><a data-analytics="item-title" data-qa-id="form-product-slider-00085350-link-button" title="WALA® Bronchi Plantago Globuli Velati" class="link link_brand line-clamp-3 overflow-hidden text-ellipsis font-medium text-dark-primary-max no-underline" href="/homoeopathie/85350/wala-bronchi-plantago-globuli-velati.htm">WALA® Bronchi Plantago Globuli Velati</a><div class="flex flex-col gap-1"><span class="flex flex-col gap-0.5"><span class="flex"><a data-qa-id="product-rating" class="link link_brand flex" href="/homoeopathie/85350/wala-bronchi-plantago-globuli-velati.htm#user-reviews-section"><span class="rating text-xl"><span class="rating__item -mx-0.5"><svg viewBox="0 0 24 24" xmlns="http://www.w3.org/2000/svg" width="1em" height="1em" fill="currentColor" class="rating__icon rating__icon_filled"><path d="M10.615 4.33c.512-1.232 2.258-1.232 2.77 0l1.173 2.82a1.5 1.5 0 0 0 1.265.919l3.044.244c1.33.106 1.869 1.766.856 2.634l-2.32 1.987a1.5 1.5 0 0 0-.483 1.487l.709 2.97c.31 1.298-1.103 2.324-2.241 1.628l-2.606-1.591a1.5 1.5 0 0 0-1.564 0l-2.606 1.591c-1.139.696-2.55-.33-2.24-1.628l.708-2.97a1.5 1.5 0 0 0-.484-1.487l-2.319-1.987c-1.013-.868-.474-2.528.856-2.634l3.044-.244a1.5 1.5 0 0 0 1.265-.92z"></path></svg></span><span class="rating__item -mx-0.5"><svg viewBox="0 0 24 24" xmlns="http://www.w3.org/2000/svg" width="1em" height="1em" fill="currentColor" class="rating__icon rating__icon_filled"><path d="M10.615 4.33c.512-1.232 2.258-1.232 2.77 0l1.173 2.82a1.5 1.5 0 0 0 1.265.919l3.044.244c1.33.106 1.869 1.766.856 2.634l-2.32 1.987a1.5 1.5 0 0 0-.483 1.487l.709 2.97c.31 1.298-1.103 2.324-2.241 1.628l-2.606-1.591a1.5 1.5 0 0 0-1.564 0l-2.606 1.591c-1.139.696-2.55-.33-2.24-1.628l.708-2.97a1.5 1.5 0 0 0-.484-1.487l-2.319-1.987c-1.013-.868-.474-2.528.856-2.634l3.044-.244a1.5 1.5 0 0 0 1.265-.92z"></path></svg></span><span class="rating__item -mx-0.5"><svg viewBox="0 0 24 24" xmlns="http://www.w3.org/2000/svg" width="1em" height="1em" fill="currentColor" class="rating__icon rating__icon_filled"><path d="M10.615 4.33c.512-1.232 2.258-1.232 2.77 0l1.173 2.82a1.5 1.5 0 0 0 1.265.919l3.044.244c1.33.106 1.869 1.766.856 2.634l-2.32 1.987a1.5 1.5 0 0 0-.483 1.487l.709 2.97c.31 1.298-1.103 2.324-2.241 1.628l-2.606-1.591a1.5 1.5 0 0 0-1.564 0l-2.606 1.591c-1.139.696-2.55-.33-2.24-1.628l.708-2.97a1.5 1.5 0 0 0-.484-1.487l-2.319-1.987c-1.013-.868-.474-2.528.856-2.634l3.044-.244a1.5 1.5 0 0 0 1.265-.92z"></path></svg></span><span class="rating__item -mx-0.5"><svg viewBox="0 0 24 24" xmlns="http://www.w3.org/2000/svg" width="1em" height="1em" fill="currentColor" class="rating__icon rating__icon_filled"><path d="M10.615 4.33c.512-1.232 2.258-1.232 2.77 0l1.173 2.82a1.5 1.5 0 0 0 1.265.919l3.044.244c1.33.106 1.869 1.766.856 2.634l-2.32 1.987a1.5 1.5 0 0 0-.483 1.487l.709 2.97c.31 1.298-1.103 2.324-2.241 1.628l-2.606-1.591a1.5 1.5 0 0 0-1.564 0l-2.606 1.591c-1.139.696-2.55-.33-2.24-1.628l.708-2.97a1.5 1.5 0 0 0-.484-1.487l-2.319-1.987c-1.013-.868-.474-2.528.856-2.634l3.044-.244a1.5 1.5 0 0 0 1.265-.92z"></path></svg></span><span class="rating__item -mx-0.5"><svg viewBox="0 0 24 24" xmlns="http://www.w3.org/2000/svg" width="1em" height="1em" fill="currentColor" class="rating__icon rating__icon_filled"><path d="M10.615 4.33c.512-1.232 2.258-1.232 2.77 0l1.173 2.82a1.5 1.5 0 0 0 1.265.919l3.044.244c1.33.106 1.869 1.766.856 2.634l-2.32 1.987a1.5 1.5 0 0 0-.483 1.487l.709 2.97c.31 1.298-1.103 2.324-2.241 1.628l-2.606-1.591a1.5 1.5 0 0 0-1.564 0l-2.606 1.591c-1.139.696-2.55-.33-2.24-1.628l.708-2.97a1.5 1.5 0 0 0-.484-1.487l-2.319-1.987c-1.013-.868-.474-2.528.856-2.634l3.044-.244a1.5 1.5 0 0 0 1.265-.92z"></path></svg></span></span></a><sup class="top-1">27</sup></span><a data-qa-id="product-rating" class="link link_brand leading-l text-dark-primary-max" href="/homoeopathie/85350/wala-bronchi-plantago-globuli-velati.htm#user-reviews-section">(13)</a></span><span class="line-clamp-2 min-h-[42px] text-dark-primary-max">20 g | Globuli</span><div class="flex min-h-[39px] flex-col"><span class="flex flex-col"><span class="min-h-[21px] whitespace-nowrap text-dark-primary-low line-through">€&nbsp;12,32¹</span><span class="whitespace-nowrap text-2xl font-bold leading-l text-dark-brand">€&nbsp;9,49</span></span><span class="min-h-[21px] text-s text-dark-primary-medium">€&nbsp;474,50 / kg</span></div></div></div></section></li><li class="cross-sell-horizontal-slider__item-wrapper" role="presentation"><section class="mb-2 flex flex-1 flex-col overflow-hidden rounded-2xl shadow-md" data-product-id="05115825"><a class="relative px-7 py-3.5 after:absolute after:inset-0 after:bg-gradient-radial after:from-transparent after:via-transparent after:to-[var(--background-light-primary-medium)] tablet:p-3.5" data-qa-id="form-product-slider-05115825-image-button" href="/homoeopathie/5115825/dhu-homoeopathie-set-fuer-kinder.htm"><div class="flex aspect-square max-h-[130px] w-full items-center justify-center"><img alt="DHU Homöopathie-Set für Kinder" data-analytics="item-image" loading="lazy" width="160" height="160" decoding="async" data-nimg="1" class="max-h-full w-auto max-w-full" srcset="https://cdn.shop-apotheke.com/images/256x0/D05/115/825/D05115825-p1.jpg 1x, https://cdn.shop-apotheke.com/images/320x0/D05/115/825/D05115825-p1.jpg 2x" src="https://cdn.shop-apotheke.com/images/320x0/D05/115/825/D05115825-p1.jpg" style="color: transparent;"></div><span class="absolute right-2.5 top-3.5 block aspect-square w-12 rounded-full bg-light-tertiary text-center font-mono font-medium leading-[48px] text-dark-primary-max">−16%²</span></a><div class="flex flex-1 flex-col justify-between gap-1 px-2 py-2.5"><a data-analytics="item-title" data-qa-id="form-product-slider-05115825-link-button" title="DHU Homöopathie-Set für Kinder" class="link link_brand line-clamp-3 overflow-hidden text-ellipsis font-medium text-dark-primary-max no-underline" href="/homoeopathie/5115825/dhu-homoeopathie-set-fuer-kinder.htm">DHU Homöopathie-Set für Kinder</a><div class="flex flex-col gap-1"><span class="flex flex-col gap-0.5"><span class="flex"><a data-qa-id="product-rating" class="link link_brand flex" href="/homoeopathie/5115825/dhu-homoeopathie-set-fuer-kinder.htm#user-reviews-section"><span class="rating text-xl"><span class="rating__item -mx-0.5"><svg viewBox="0 0 24 24" xmlns="http://www.w3.org/2000/svg" width="1em" height="1em" fill="currentColor" class="rating__icon rating__icon_filled"><path d="M10.615 4.33c.512-1.232 2.258-1.232 2.77 0l1.173 2.82a1.5 1.5 0 0 0 1.265.919l3.044.244c1.33.106 1.869 1.766.856 2.634l-2.32 1.987a1.5 1.5 0 0 0-.483 1.487l.709 2.97c.31 1.298-1.103 2.324-2.241 1.628l-2.606-1.591a1.5 1.5 0 0 0-1.564 0l-2.606 1.591c-1.139.696-2.55-.33-2.24-1.628l.708-2.97a1.5 1.5 0 0 0-.484-1.487l-2.319-1.987c-1.013-.868-.474-2.528.856-2.634l3.044-.244a1.5 1.5 0 0 0 1.265-.92z"></path></svg></span><span class="rating__item -mx-0.5"><svg viewBox="0 0 24 24" xmlns="http://www.w3.org/2000/svg" width="1em" height="1em" fill="currentColor" class="rating__icon rating__icon_filled"><path d="M10.615 4.33c.512-1.232 2.258-1.232 2.77 0l1.173 2.82a1.5 1.5 0 0 0 1.265.919l3.044.244c1.33.106 1.869 1.766.856 2.634l-2.32 1.987a1.5 1.5 0 0 0-.483 1.487l.709 2.97c.31 1.298-1.103 2.324-2.241 1.628l-2.606-1.591a1.5 1.5 0 0 0-1.564 0l-2.606 1.591c-1.139.696-2.55-.33-2.24-1.628l.708-2.97a1.5 1.5 0 0 0-.484-1.487l-2.319-1.987c-1.013-.868-.474-2.528.856-2.634l3.044-.244a1.5 1.5 0 0 0 1.265-.92z"></path></svg></span><span class="rating__item -mx-0.5"><svg viewBox="0 0 24 24" xmlns="http://www.w3.org/2000/svg" width="1em" height="1em" fill="currentColor" class="rating__icon rating__icon_filled"><path d="M10.615 4.33c.512-1.232 2.258-1.232 2.77 0l1.173 2.82a1.5 1.5 0 0 0 1.265.919l3.044.244c1.33.106 1.869 1.766.856 2.634l-2.32 1.987a1.5 1.5 0 0 0-.483 1.487l.709 2.97c.31 1.298-1.103 2.324-2.241 1.628l-2.606-1.591a1.5 1.5 0 0 0-1.564 0l-2.606 1.591c-1.139.696-2.55-.33-2.24-1.628l.708-2.97a1.5 1.5 0 0 0-.484-1.487l-2.319-1.987c-1.013-.868-.474-2.528.856-2.634l3.044-.244a1.5 1.5 0 0 0 1.265-.92z"></path></svg></span><span class="rating__item -mx-0.5"><svg viewBox="0 0 24 24" xmlns="http://www.w3.org/2000/svg" width="1em" height="1em" fill="currentColor" class="rating__icon rating__icon_filled"><path d="M10.615 4.33c.512-1.232 2.258-1.232 2.77 0l1.173 2.82a1.5 1.5 0 0 0 1.265.919l3.044.244c1.33.106 1.869 1.766.856 2.634l-2.32 1.987a1.5 1.5 0 0 0-.483 1.487l.709 2.97c.31 1.298-1.103 2.324-2.241 1.628l-2.606-1.591a1.5 1.5 0 0 0-1.564 0l-2.606 1.591c-1.139.696-2.55-.33-2.24-1.628l.708-2.97a1.5 1.5 0 0 0-.484-1.487l-2.319-1.987c-1.013-.868-.474-2.528.856-2.634l3.044-.244a1.5 1.5 0 0 0 1.265-.92z"></path></svg></span><span class="rating__item -mx-0.5"><svg viewBox="0 0 24 24" xmlns="http://www.w3.org/2000/svg" width="1em" height="1em" fill="currentColor" class="rating__icon rating__icon_filled"><path d="M10.615 4.33c.512-1.232 2.258-1.232 2.77 0l1.173 2.82a1.5 1.5 0 0 0 1.265.919l3.044.244c1.33.106 1.869 1.766.856 2.634l-2.32 1.987a1.5 1.5 0 0 0-.483 1.487l.709 2.97c.31 1.298-1.103 2.324-2.241 1.628l-2.606-1.591a1.5 1.5 0 0 0-1.564 0l-2.606 1.591c-1.139.696-2.55-.33-2.24-1.628l.708-2.97a1.5 1.5 0 0 0-.484-1.487l-2.319-1.987c-1.013-.868-.474-2.528.856-2.634l3.044-.244a1.5 1.5 0 0 0 1.265-.92z"></path></svg></span></span></a><sup class="top-1">27</sup></span><a data-qa-id="product-rating" class="link link_brand leading-l text-dark-primary-max" href="/homoeopathie/5115825/dhu-homoeopathie-set-fuer-kinder.htm#user-reviews-section">(12)</a></span><span class="line-clamp-2 min-h-[42px] text-dark-primary-max">1 St | Globuli</span><div class="flex min-h-[39px] flex-col"><span class="flex flex-col"><span class="min-h-[21px] whitespace-nowrap text-dark-primary-low line-through">€&nbsp;35,90¹</span><span class="whitespace-nowrap text-2xl font-bold leading-l text-dark-brand">€&nbsp;29,99</span></span><span class="min-h-[21px] text-s text-dark-primary-medium">€&nbsp;29,99 / St.</span></div></div></div></section></li><li class="cross-sell-horizontal-slider__item-wrapper" role="presentation"><section class="mb-2 flex flex-1 flex-col overflow-hidden rounded-2xl shadow-md" data-product-id="09647424"><a class="relative px-7 py-3.5 after:absolute after:inset-0 after:bg-gradient-radial after:from-transparent after:via-transparent after:to-[var(--background-light-primary-medium)] tablet:p-3.5" data-qa-id="form-product-slider-09647424-image-button" href="/homoeopathie/9647424/infludoron-streukuegelchen.htm"><div class="flex aspect-square max-h-[130px] w-full items-center justify-center"><img alt="Infludoron® Streukügelchen - bei den ersten Anzeichen einer Erkältung" data-analytics="item-image" loading="lazy" width="160" height="160" decoding="async" data-nimg="1" class="max-h-full w-auto max-w-full" srcset="https://cdn.shop-apotheke.com/images/256x0/D09/647/424/D09647424-p1.jpg 1x, https://cdn.shop-apotheke.com/images/320x0/D09/647/424/D09647424-p1.jpg 2x" src="https://cdn.shop-apotheke.com/images/320x0/D09/647/424/D09647424-p1.jpg" style="color: transparent;"></div><span class="absolute right-2.5 top-3.5 block aspect-square w-12 rounded-full bg-light-tertiary text-center font-mono font-medium leading-[48px] text-dark-primary-max">−31%²</span></a><div class="flex flex-1 flex-col justify-between gap-1 px-2 py-2.5"><a data-analytics="item-title" data-qa-id="form-product-slider-09647424-link-button" title="Infludoron® Streukügelchen - bei den ersten Anzeichen einer Erkältung" class="link link_brand line-clamp-3 overflow-hidden text-ellipsis font-medium text-dark-primary-max no-underline" href="/homoeopathie/9647424/infludoron-streukuegelchen.htm">Infludoron® Streukügelchen - bei den ersten Anzeichen einer Erkältung</a><div class="flex flex-col gap-1"><span class="flex flex-col gap-0.5"><span class="flex"><a data-qa-id="product-rating" class="link link_brand flex" href="/homoeopathie/9647424/infludoron-streukuegelchen.htm#user-reviews-section"><span class="rating text-xl"><span class="rating__item -mx-0.5"><svg viewBox="0 0 24 24" xmlns="http://www.w3.org/2000/svg" width="1em" height="1em" fill="currentColor" class="rating__icon rating__icon_filled"><path d="M10.615 4.33c.512-1.232 2.258-1.232 2.77 0l1.173 2.82a1.5 1.5 0 0 0 1.265.919l3.044.244c1.33.106 1.869 1.766.856 2.634l-2.32 1.987a1.5 1.5 0 0 0-.483 1.487l.709 2.97c.31 1.298-1.103 2.324-2.241 1.628l-2.606-1.591a1.5 1.5 0 0 0-1.564 0l-2.606 1.591c-1.139.696-2.55-.33-2.24-1.628l.708-2.97a1.5 1.5 0 0 0-.484-1.487l-2.319-1.987c-1.013-.868-.474-2.528.856-2.634l3.044-.244a1.5 1.5 0 0 0 1.265-.92z"></path></svg></span><span class="rating__item -mx-0.5"><svg viewBox="0 0 24 24" xmlns="http://www.w3.org/2000/svg" width="1em" height="1em" fill="currentColor" class="rating__icon rating__icon_filled"><path d="M10.615 4.33c.512-1.232 2.258-1.232 2.77 0l1.173 2.82a1.5 1.5 0 0 0 1.265.919l3.044.244c1.33.106 1.869 1.766.856 2.634l-2.32 1.987a1.5 1.5 0 0 0-.483 1.487l.709 2.97c.31 1.298-1.103 2.324-2.241 1.628l-2.606-1.591a1.5 1.5 0 0 0-1.564 0l-2.606 1.591c-1.139.696-2.55-.33-2.24-1.628l.708-2.97a1.5 1.5 0 0 0-.484-1.487l-2.319-1.987c-1.013-.868-.474-2.528.856-2.634l3.044-.244a1.5 1.5 0 0 0 1.265-.92z"></path></svg></span><span class="rating__item -mx-0.5"><svg viewBox="0 0 24 24" xmlns="http://www.w3.org/2000/svg" width="1em" height="1em" fill="currentColor" class="rating__icon rating__icon_filled"><path d="M10.615 4.33c.512-1.232 2.258-1.232 2.77 0l1.173 2.82a1.5 1.5 0 0 0 1.265.919l3.044.244c1.33.106 1.869 1.766.856 2.634l-2.32 1.987a1.5 1.5 0 0 0-.483 1.487l.709 2.97c.31 1.298-1.103 2.324-2.241 1.628l-2.606-1.591a1.5 1.5 0 0 0-1.564 0l-2.606 1.591c-1.139.696-2.55-.33-2.24-1.628l.708-2.97a1.5 1.5 0 0 0-.484-1.487l-2.319-1.987c-1.013-.868-.474-2.528.856-2.634l3.044-.244a1.5 1.5 0 0 0 1.265-.92z"></path></svg></span><span class="rating__item -mx-0.5"><svg viewBox="0 0 24 24" xmlns="http://www.w3.org/2000/svg" width="1em" height="1em" fill="currentColor" class="rating__icon rating__icon_filled"><path d="M10.615 4.33c.512-1.232 2.258-1.232 2.77 0l1.173 2.82a1.5 1.5 0 0 0 1.265.919l3.044.244c1.33.106 1.869 1.766.856 2.634l-2.32 1.987a1.5 1.5 0 0 0-.483 1.487l.709 2.97c.31 1.298-1.103 2.324-2.241 1.628l-2.606-1.591a1.5 1.5 0 0 0-1.564 0l-2.606 1.591c-1.139.696-2.55-.33-2.24-1.628l.708-2.97a1.5 1.5 0 0 0-.484-1.487l-2.319-1.987c-1.013-.868-.474-2.528.856-2.634l3.044-.244a1.5 1.5 0 0 0 1.265-.92z"></path></svg></span><span class="rating__item -mx-0.5"><svg viewBox="0 0 24 24" xmlns="http://www.w3.org/2000/svg" width="1em" height="1em" fill="currentColor" class="rating__icon rating__icon_filled"><path d="M10.615 4.33c.512-1.232 2.258-1.232 2.77 0l1.173 2.82a1.5 1.5 0 0 0 1.265.919l3.044.244c1.33.106 1.869 1.766.856 2.634l-2.32 1.987a1.5 1.5 0 0 0-.483 1.487l.709 2.97c.31 1.298-1.103 2.324-2.241 1.628l-2.606-1.591a1.5 1.5 0 0 0-1.564 0l-2.606 1.591c-1.139.696-2.55-.33-2.24-1.628l.708-2.97a1.5 1.5 0 0 0-.484-1.487l-2.319-1.987c-1.013-.868-.474-2.528.856-2.634l3.044-.244a1.5 1.5 0 0 0 1.265-.92z"></path></svg></span></span></a><sup class="top-1">27</sup></span><a data-qa-id="product-rating" class="link link_brand leading-l text-dark-primary-max" href="/homoeopathie/9647424/infludoron-streukuegelchen.htm#user-reviews-section">(80)</a></span><span class="line-clamp-2 min-h-[42px] text-dark-primary-max">10 g | Globuli</span><div class="flex min-h-[39px] flex-col"><span class="flex flex-col"><span class="min-h-[21px] whitespace-nowrap text-dark-primary-low line-through">€&nbsp;12,97¹</span><span class="whitespace-nowrap text-2xl font-bold leading-l text-dark-brand">€&nbsp;8,99</span></span><span class="min-h-[21px] text-s text-dark-primary-medium">€&nbsp;899,00 / kg</span></div></div></div></section></li><li class="cross-sell-horizontal-slider__item-wrapper" role="presentation"><section class="mb-2 flex flex-1 flex-col overflow-hidden rounded-2xl shadow-md" data-product-id="14373650"><a class="relative px-7 py-3.5 after:absolute after:inset-0 after:bg-gradient-radial after:from-transparent after:via-transparent after:to-[var(--background-light-primary-medium)] tablet:p-3.5" data-qa-id="form-product-slider-14373650-image-button" href="/homoeopathie/14373650/osaflat.htm"><div class="flex aspect-square max-h-[130px] w-full items-center justify-center"><img alt="Osaflat®" data-analytics="item-image" loading="lazy" width="160" height="160" decoding="async" data-nimg="1" class="max-h-full w-auto max-w-full" srcset="https://cdn.shop-apotheke.com/images/256x0/D14/373/650/D14373650-p1.jpg 1x, https://cdn.shop-apotheke.com/images/320x0/D14/373/650/D14373650-p1.jpg 2x" src="https://cdn.shop-apotheke.com/images/320x0/D14/373/650/D14373650-p1.jpg" style="color: transparent;"></div><span class="absolute right-2.5 top-3.5 block aspect-square w-12 rounded-full bg-light-tertiary text-center font-mono font-medium leading-[48px] text-dark-primary-max">−20%²</span></a><div class="flex flex-1 flex-col justify-between gap-1 px-2 py-2.5"><a data-analytics="item-title" data-qa-id="form-product-slider-14373650-link-button" title="Osaflat®" class="link link_brand line-clamp-3 overflow-hidden text-ellipsis font-medium text-dark-primary-max no-underline" href="/homoeopathie/14373650/osaflat.htm">Osaflat®</a><div class="flex flex-col gap-1"><span class="flex flex-col gap-0.5"><span class="flex"><a data-qa-id="product-rating" class="link link_brand flex" href="/homoeopathie/14373650/osaflat.htm#user-reviews-section"><span class="rating text-xl"><span class="rating__item -mx-0.5"><svg viewBox="0 0 24 24" xmlns="http://www.w3.org/2000/svg" width="1em" height="1em" fill="currentColor" class="rating__icon rating__icon_filled"><path d="M10.615 4.33c.512-1.232 2.258-1.232 2.77 0l1.173 2.82a1.5 1.5 0 0 0 1.265.919l3.044.244c1.33.106 1.869 1.766.856 2.634l-2.32 1.987a1.5 1.5 0 0 0-.483 1.487l.709 2.97c.31 1.298-1.103 2.324-2.241 1.628l-2.606-1.591a1.5 1.5 0 0 0-1.564 0l-2.606 1.591c-1.139.696-2.55-.33-2.24-1.628l.708-2.97a1.5 1.5 0 0 0-.484-1.487l-2.319-1.987c-1.013-.868-.474-2.528.856-2.634l3.044-.244a1.5 1.5 0 0 0 1.265-.92z"></path></svg></span><span class="rating__item -mx-0.5"><svg viewBox="0 0 24 24" xmlns="http://www.w3.org/2000/svg" width="1em" height="1em" fill="currentColor" class="rating__icon rating__icon_filled"><path d="M10.615 4.33c.512-1.232 2.258-1.232 2.77 0l1.173 2.82a1.5 1.5 0 0 0 1.265.919l3.044.244c1.33.106 1.869 1.766.856 2.634l-2.32 1.987a1.5 1.5 0 0 0-.483 1.487l.709 2.97c.31 1.298-1.103 2.324-2.241 1.628l-2.606-1.591a1.5 1.5 0 0 0-1.564 0l-2.606 1.591c-1.139.696-2.55-.33-2.24-1.628l.708-2.97a1.5 1.5 0 0 0-.484-1.487l-2.319-1.987c-1.013-.868-.474-2.528.856-2.634l3.044-.244a1.5 1.5 0 0 0 1.265-.92z"></path></svg></span><span class="rating__item -mx-0.5"><svg viewBox="0 0 24 24" xmlns="http://www.w3.org/2000/svg" width="1em" height="1em" fill="currentColor" class="rating__icon rating__icon_filled"><path d="M10.615 4.33c.512-1.232 2.258-1.232 2.77 0l1.173 2.82a1.5 1.5 0 0 0 1.265.919l3.044.244c1.33.106 1.869 1.766.856 2.634l-2.32 1.987a1.5 1.5 0 0 0-.483 1.487l.709 2.97c.31 1.298-1.103 2.324-2.241 1.628l-2.606-1.591a1.5 1.5 0 0 0-1.564 0l-2.606 1.591c-1.139.696-2.55-.33-2.24-1.628l.708-2.97a1.5 1.5 0 0 0-.484-1.487l-2.319-1.987c-1.013-.868-.474-2.528.856-2.634l3.044-.244a1.5 1.5 0 0 0 1.265-.92z"></path></svg></span><span class="rating__item -mx-0.5"><svg viewBox="0 0 24 24" xmlns="http://www.w3.org/2000/svg" width="1em" height="1em" fill="currentColor" class="rating__icon"><path fill-rule="evenodd" d="m12 6.208-.711 1.71a3.5 3.5 0 0 1-2.952 2.144l-1.846.148 1.407 1.205a3.5 3.5 0 0 1 1.127 3.47l-.43 1.8 1.58-.964a3.5 3.5 0 0 1 3.65 0l1.58.965-.43-1.801a3.5 3.5 0 0 1 1.127-3.47l1.407-1.205-1.846-.148a3.5 3.5 0 0 1-2.952-2.145zm1.385-1.878c-.512-1.232-2.258-1.232-2.77 0L9.442 7.15a1.5 1.5 0 0 1-1.265.919l-3.044.244c-1.33.106-1.869 1.766-.856 2.634l2.32 1.987a1.5 1.5 0 0 1 .483 1.487l-.709 2.97c-.31 1.298 1.102 2.324 2.241 1.628l2.606-1.591a1.5 1.5 0 0 1 1.564 0l2.606 1.591c1.138.696 2.55-.33 2.24-1.628l-.708-2.97a1.5 1.5 0 0 1 .483-1.487l2.32-1.987c1.013-.868.474-2.528-.856-2.634l-3.044-.244a1.5 1.5 0 0 1-1.265-.92z" clip-rule="evenodd"></path></svg></span><span class="rating__item -mx-0.5"><svg viewBox="0 0 24 24" xmlns="http://www.w3.org/2000/svg" width="1em" height="1em" fill="currentColor" class="rating__icon"><path fill-rule="evenodd" d="m12 6.208-.711 1.71a3.5 3.5 0 0 1-2.952 2.144l-1.846.148 1.407 1.205a3.5 3.5 0 0 1 1.127 3.47l-.43 1.8 1.58-.964a3.5 3.5 0 0 1 3.65 0l1.58.965-.43-1.801a3.5 3.5 0 0 1 1.127-3.47l1.407-1.205-1.846-.148a3.5 3.5 0 0 1-2.952-2.145zm1.385-1.878c-.512-1.232-2.258-1.232-2.77 0L9.442 7.15a1.5 1.5 0 0 1-1.265.919l-3.044.244c-1.33.106-1.869 1.766-.856 2.634l2.32 1.987a1.5 1.5 0 0 1 .483 1.487l-.709 2.97c-.31 1.298 1.102 2.324 2.241 1.628l2.606-1.591a1.5 1.5 0 0 1 1.564 0l2.606 1.591c1.138.696 2.55-.33 2.24-1.628l-.708-2.97a1.5 1.5 0 0 1 .483-1.487l2.32-1.987c1.013-.868.474-2.528-.856-2.634l-3.044-.244a1.5 1.5 0 0 1-1.265-.92z" clip-rule="evenodd"></path></svg></span></span></a><sup class="top-1">27</sup></span><a data-qa-id="product-rating" class="link link_brand leading-l text-dark-primary-max" href="/homoeopathie/14373650/osaflat.htm#user-reviews-section">(2)</a></span><span class="line-clamp-2 min-h-[42px] text-dark-primary-max">7,5 g | Globuli</span><div class="flex min-h-[39px] flex-col"><span class="flex flex-col"><span class="min-h-[21px] whitespace-nowrap text-dark-primary-low line-through">€&nbsp;10,85¹</span><span class="whitespace-nowrap text-2xl font-bold leading-l text-dark-brand">€&nbsp;8,69</span></span><span class="min-h-[21px] text-s text-dark-primary-medium">€&nbsp;115,87 / 100 g</span></div></div></div></section></li><li class="cross-sell-horizontal-slider__item-wrapper" role="presentation"><section class="mb-2 flex flex-1 flex-col overflow-hidden rounded-2xl shadow-md" data-product-id="01880747"><a class="relative px-7 py-3.5 after:absolute after:inset-0 after:bg-gradient-radial after:from-transparent after:via-transparent after:to-[var(--background-light-primary-medium)] tablet:p-3.5" data-qa-id="form-product-slider-01880747-image-button" href="/homoeopathie/1880747/wala-aconitum-china-comp-suppos-kdr.htm"><div class="flex aspect-square max-h-[130px] w-full items-center justify-center"><img alt="WALA® ACONITUM/CHINA comp. Suppos. Kdr." data-analytics="item-image" loading="lazy" width="160" height="160" decoding="async" data-nimg="1" class="max-h-full w-auto max-w-full" srcset="https://cdn.shop-apotheke.com/images/256x0/D01/880/747/D01880747-p1.jpg 1x, https://cdn.shop-apotheke.com/images/320x0/D01/880/747/D01880747-p1.jpg 2x" src="https://cdn.shop-apotheke.com/images/320x0/D01/880/747/D01880747-p1.jpg" style="color: transparent;"></div><span class="absolute right-2.5 top-3.5 block aspect-square w-12 rounded-full bg-light-tertiary text-center font-mono font-medium leading-[48px] text-dark-primary-max">−16%²</span></a><div class="flex flex-1 flex-col justify-between gap-1 px-2 py-2.5"><a data-analytics="item-title" data-qa-id="form-product-slider-01880747-link-button" title="WALA® ACONITUM/CHINA comp. Suppos. Kdr." class="link link_brand line-clamp-3 overflow-hidden text-ellipsis font-medium text-dark-primary-max no-underline" href="/homoeopathie/1880747/wala-aconitum-china-comp-suppos-kdr.htm">WALA® ACONITUM/CHINA comp. Suppos. Kdr.</a><div class="flex flex-col gap-1"><span class="flex flex-col gap-0.5"><span class="flex"><a data-qa-id="product-rating" class="link link_brand flex" href="/homoeopathie/1880747/wala-aconitum-china-comp-suppos-kdr.htm#user-reviews-section"><span class="rating text-xl"><span class="rating__item -mx-0.5"><svg viewBox="0 0 24 24" xmlns="http://www.w3.org/2000/svg" width="1em" height="1em" fill="currentColor" class="rating__icon rating__icon_filled"><path d="M10.615 4.33c.512-1.232 2.258-1.232 2.77 0l1.173 2.82a1.5 1.5 0 0 0 1.265.919l3.044.244c1.33.106 1.869 1.766.856 2.634l-2.32 1.987a1.5 1.5 0 0 0-.483 1.487l.709 2.97c.31 1.298-1.103 2.324-2.241 1.628l-2.606-1.591a1.5 1.5 0 0 0-1.564 0l-2.606 1.591c-1.139.696-2.55-.33-2.24-1.628l.708-2.97a1.5 1.5 0 0 0-.484-1.487l-2.319-1.987c-1.013-.868-.474-2.528.856-2.634l3.044-.244a1.5 1.5 0 0 0 1.265-.92z"></path></svg></span><span class="rating__item -mx-0.5"><svg viewBox="0 0 24 24" xmlns="http://www.w3.org/2000/svg" width="1em" height="1em" fill="currentColor" class="rating__icon rating__icon_filled"><path d="M10.615 4.33c.512-1.232 2.258-1.232 2.77 0l1.173 2.82a1.5 1.5 0 0 0 1.265.919l3.044.244c1.33.106 1.869 1.766.856 2.634l-2.32 1.987a1.5 1.5 0 0 0-.483 1.487l.709 2.97c.31 1.298-1.103 2.324-2.241 1.628l-2.606-1.591a1.5 1.5 0 0 0-1.564 0l-2.606 1.591c-1.139.696-2.55-.33-2.24-1.628l.708-2.97a1.5 1.5 0 0 0-.484-1.487l-2.319-1.987c-1.013-.868-.474-2.528.856-2.634l3.044-.244a1.5 1.5 0 0 0 1.265-.92z"></path></svg></span><span class="rating__item -mx-0.5"><svg viewBox="0 0 24 24" xmlns="http://www.w3.org/2000/svg" width="1em" height="1em" fill="currentColor" class="rating__icon rating__icon_filled"><path d="M10.615 4.33c.512-1.232 2.258-1.232 2.77 0l1.173 2.82a1.5 1.5 0 0 0 1.265.919l3.044.244c1.33.106 1.869 1.766.856 2.634l-2.32 1.987a1.5 1.5 0 0 0-.483 1.487l.709 2.97c.31 1.298-1.103 2.324-2.241 1.628l-2.606-1.591a1.5 1.5 0 0 0-1.564 0l-2.606 1.591c-1.139.696-2.55-.33-2.24-1.628l.708-2.97a1.5 1.5 0 0 0-.484-1.487l-2.319-1.987c-1.013-.868-.474-2.528.856-2.634l3.044-.244a1.5 1.5 0 0 0 1.265-.92z"></path></svg></span><span class="rating__item -mx-0.5"><svg viewBox="0 0 24 24" xmlns="http://www.w3.org/2000/svg" width="1em" height="1em" fill="currentColor" class="rating__icon rating__icon_filled"><path d="M10.615 4.33c.512-1.232 2.258-1.232 2.77 0l1.173 2.82a1.5 1.5 0 0 0 1.265.919l3.044.244c1.33.106 1.869 1.766.856 2.634l-2.32 1.987a1.5 1.5 0 0 0-.483 1.487l.709 2.97c.31 1.298-1.103 2.324-2.241 1.628l-2.606-1.591a1.5 1.5 0 0 0-1.564 0l-2.606 1.591c-1.139.696-2.55-.33-2.24-1.628l.708-2.97a1.5 1.5 0 0 0-.484-1.487l-2.319-1.987c-1.013-.868-.474-2.528.856-2.634l3.044-.244a1.5 1.5 0 0 0 1.265-.92z"></path></svg></span><span class="rating__item -mx-0.5"><svg viewBox="0 0 24 24" xmlns="http://www.w3.org/2000/svg" width="1em" height="1em" fill="currentColor" class="rating__icon rating__icon_filled"><path d="M10.615 4.33c.512-1.232 2.258-1.232 2.77 0l1.173 2.82a1.5 1.5 0 0 0 1.265.919l3.044.244c1.33.106 1.869 1.766.856 2.634l-2.32 1.987a1.5 1.5 0 0 0-.483 1.487l.709 2.97c.31 1.298-1.103 2.324-2.241 1.628l-2.606-1.591a1.5 1.5 0 0 0-1.564 0l-2.606 1.591c-1.139.696-2.55-.33-2.24-1.628l.708-2.97a1.5 1.5 0 0 0-.484-1.487l-2.319-1.987c-1.013-.868-.474-2.528.856-2.634l3.044-.244a1.5 1.5 0 0 0 1.265-.92z"></path></svg></span></span></a><sup class="top-1">27</sup></span><a data-qa-id="product-rating" class="link link_brand leading-l text-dark-primary-max" href="/homoeopathie/1880747/wala-aconitum-china-comp-suppos-kdr.htm#user-reviews-section">(1)</a></span><span class="line-clamp-2 min-h-[42px] text-dark-primary-max">10x1 g | Kinder-Suppositorien</span><div class="flex min-h-[39px] flex-col"><span class="flex flex-col"><span class="min-h-[21px] whitespace-nowrap text-dark-primary-low line-through">€&nbsp;9,97¹</span><span class="whitespace-nowrap text-2xl font-bold leading-l text-dark-brand">€&nbsp;8,39</span></span><span class="min-h-[21px] text-s text-dark-primary-medium">€&nbsp;839,00 / kg</span></div></div></div></section></li><li class="cross-sell-horizontal-slider__item-wrapper" role="presentation"><section class="mb-2 flex flex-1 flex-col overflow-hidden rounded-2xl shadow-md" data-product-id="11484834"><a class="relative px-7 py-3.5 after:absolute after:inset-0 after:bg-gradient-radial after:from-transparent after:via-transparent after:to-[var(--background-light-primary-medium)] tablet:p-3.5" data-qa-id="form-product-slider-11484834-image-button" href="/homoeopathie/11484834/meditonsin-globuli.htm"><div class="flex aspect-square max-h-[130px] w-full items-center justify-center"><img alt="Meditonsin® Globuli bei ersten Anzeichen einer Erkältung" data-analytics="item-image" loading="lazy" width="160" height="160" decoding="async" data-nimg="1" class="max-h-full w-auto max-w-full" srcset="https://cdn.shop-apotheke.com/images/256x0/D11/484/834/D11484834-p1.jpg 1x, https://cdn.shop-apotheke.com/images/320x0/D11/484/834/D11484834-p1.jpg 2x" src="https://cdn.shop-apotheke.com/images/320x0/D11/484/834/D11484834-p1.jpg" style="color: transparent;"></div><span class="absolute right-2.5 top-3.5 block aspect-square w-12 rounded-full bg-light-tertiary text-center font-mono font-medium leading-[48px] text-dark-primary-max">−26%²</span></a><div class="flex flex-1 flex-col justify-between gap-1 px-2 py-2.5"><a data-analytics="item-title" data-qa-id="form-product-slider-11484834-link-button" title="Meditonsin® Globuli bei ersten Anzeichen einer Erkältung" class="link link_brand line-clamp-3 overflow-hidden text-ellipsis font-medium text-dark-primary-max no-underline" href="/homoeopathie/11484834/meditonsin-globuli.htm">Meditonsin® Globuli bei ersten Anzeichen einer Erkältung</a><div class="flex flex-col gap-1"><span class="flex flex-col gap-0.5"><span class="flex"><a data-qa-id="product-rating" class="link link_brand flex" href="/homoeopathie/11484834/meditonsin-globuli.htm#user-reviews-section"><span class="rating text-xl"><span class="rating__item -mx-0.5"><svg viewBox="0 0 24 24" xmlns="http://www.w3.org/2000/svg" width="1em" height="1em" fill="currentColor" class="rating__icon rating__icon_filled"><path d="M10.615 4.33c.512-1.232 2.258-1.232 2.77 0l1.173 2.82a1.5 1.5 0 0 0 1.265.919l3.044.244c1.33.106 1.869 1.766.856 2.634l-2.32 1.987a1.5 1.5 0 0 0-.483 1.487l.709 2.97c.31 1.298-1.103 2.324-2.241 1.628l-2.606-1.591a1.5 1.5 0 0 0-1.564 0l-2.606 1.591c-1.139.696-2.55-.33-2.24-1.628l.708-2.97a1.5 1.5 0 0 0-.484-1.487l-2.319-1.987c-1.013-.868-.474-2.528.856-2.634l3.044-.244a1.5 1.5 0 0 0 1.265-.92z"></path></svg></span><span class="rating__item -mx-0.5"><svg viewBox="0 0 24 24" xmlns="http://www.w3.org/2000/svg" width="1em" height="1em" fill="currentColor" class="rating__icon rating__icon_filled"><path d="M10.615 4.33c.512-1.232 2.258-1.232 2.77 0l1.173 2.82a1.5 1.5 0 0 0 1.265.919l3.044.244c1.33.106 1.869 1.766.856 2.634l-2.32 1.987a1.5 1.5 0 0 0-.483 1.487l.709 2.97c.31 1.298-1.103 2.324-2.241 1.628l-2.606-1.591a1.5 1.5 0 0 0-1.564 0l-2.606 1.591c-1.139.696-2.55-.33-2.24-1.628l.708-2.97a1.5 1.5 0 0 0-.484-1.487l-2.319-1.987c-1.013-.868-.474-2.528.856-2.634l3.044-.244a1.5 1.5 0 0 0 1.265-.92z"></path></svg></span><span class="rating__item -mx-0.5"><svg viewBox="0 0 24 24" xmlns="http://www.w3.org/2000/svg" width="1em" height="1em" fill="currentColor" class="rating__icon rating__icon_filled"><path d="M10.615 4.33c.512-1.232 2.258-1.232 2.77 0l1.173 2.82a1.5 1.5 0 0 0 1.265.919l3.044.244c1.33.106 1.869 1.766.856 2.634l-2.32 1.987a1.5 1.5 0 0 0-.483 1.487l.709 2.97c.31 1.298-1.103 2.324-2.241 1.628l-2.606-1.591a1.5 1.5 0 0 0-1.564 0l-2.606 1.591c-1.139.696-2.55-.33-2.24-1.628l.708-2.97a1.5 1.5 0 0 0-.484-1.487l-2.319-1.987c-1.013-.868-.474-2.528.856-2.634l3.044-.244a1.5 1.5 0 0 0 1.265-.92z"></path></svg></span><span class="rating__item -mx-0.5"><svg viewBox="0 0 24 24" xmlns="http://www.w3.org/2000/svg" width="1em" height="1em" fill="currentColor" class="rating__icon rating__icon_filled"><path d="M10.615 4.33c.512-1.232 2.258-1.232 2.77 0l1.173 2.82a1.5 1.5 0 0 0 1.265.919l3.044.244c1.33.106 1.869 1.766.856 2.634l-2.32 1.987a1.5 1.5 0 0 0-.483 1.487l.709 2.97c.31 1.298-1.103 2.324-2.241 1.628l-2.606-1.591a1.5 1.5 0 0 0-1.564 0l-2.606 1.591c-1.139.696-2.55-.33-2.24-1.628l.708-2.97a1.5 1.5 0 0 0-.484-1.487l-2.319-1.987c-1.013-.868-.474-2.528.856-2.634l3.044-.244a1.5 1.5 0 0 0 1.265-.92z"></path></svg></span><span class="rating__item -mx-0.5"><svg viewBox="0 0 24 24" xmlns="http://www.w3.org/2000/svg" width="1em" height="1em" fill="currentColor" class="rating__icon rating__icon_filled"><path d="M10.615 4.33c.512-1.232 2.258-1.232 2.77 0l1.173 2.82a1.5 1.5 0 0 0 1.265.919l3.044.244c1.33.106 1.869 1.766.856 2.634l-2.32 1.987a1.5 1.5 0 0 0-.483 1.487l.709 2.97c.31 1.298-1.103 2.324-2.241 1.628l-2.606-1.591a1.5 1.5 0 0 0-1.564 0l-2.606 1.591c-1.139.696-2.55-.33-2.24-1.628l.708-2.97a1.5 1.5 0 0 0-.484-1.487l-2.319-1.987c-1.013-.868-.474-2.528.856-2.634l3.044-.244a1.5 1.5 0 0 0 1.265-.92z"></path></svg></span></span></a><sup class="top-1">27</sup></span><a data-qa-id="product-rating" class="link link_brand leading-l text-dark-primary-max" href="/homoeopathie/11484834/meditonsin-globuli.htm#user-reviews-section">(87)</a></span><span class="line-clamp-2 min-h-[42px] text-dark-primary-max">8 g | Globuli</span><div class="flex min-h-[39px] flex-col"><span class="flex flex-col"><span class="min-h-[21px] whitespace-nowrap text-dark-primary-low line-through">€&nbsp;16,01¹</span><span class="whitespace-nowrap text-2xl font-bold leading-l text-dark-brand">€&nbsp;11,79</span></span><span class="min-h-[21px] text-s text-dark-primary-medium">€&nbsp;147,38 / 100 g</span></div></div></div></section></li><li class="cross-sell-horizontal-slider__item-wrapper" role="presentation"><section class="mb-2 flex flex-1 flex-col overflow-hidden rounded-2xl shadow-md" data-product-id="A5790604"><a class="relative px-7 py-3.5 after:absolute after:inset-0 after:bg-gradient-radial after:from-transparent after:via-transparent after:to-[var(--background-light-primary-medium)] tablet:p-3.5" data-qa-id="form-product-slider-A5790604-image-button" href="/baby/A5790604/dr-theiss-herbalsept-hustenlutscher-kids.htm"><div class="flex aspect-square max-h-[130px] w-full items-center justify-center"><img alt="Dr. Theiss Herbalsept Hustenlutscher Kids" data-analytics="item-image" loading="lazy" width="160" height="160" decoding="async" data-nimg="1" class="max-h-full w-auto max-w-full" srcset="https://cdn.shop-apotheke.com/images/256x0/A57/906/04/A5790604-p10.jpg 1x, https://cdn.shop-apotheke.com/images/320x0/A57/906/04/A5790604-p10.jpg 2x" src="https://cdn.shop-apotheke.com/images/320x0/A57/906/04/A5790604-p10.jpg" style="color: transparent;"></div></a><div class="flex flex-1 flex-col justify-between gap-1 px-2 py-2.5"><a data-analytics="item-title" data-qa-id="form-product-slider-A5790604-link-button" title="Dr. Theiss Herbalsept Hustenlutscher Kids" class="link link_brand line-clamp-3 overflow-hidden text-ellipsis font-medium text-dark-primary-max no-underline" href="/baby/A5790604/dr-theiss-herbalsept-hustenlutscher-kids.htm">Dr. Theiss Herbalsept Hustenlutscher Kids</a><div class="flex flex-col gap-1"><span class="line-clamp-2 min-h-[42px] text-dark-primary-max">6 St</span><div class="flex min-h-[39px] flex-col"><span class="flex flex-col"><span class="min-h-[21px] whitespace-nowrap text-dark-primary-low line-through"></span><span class="whitespace-nowrap text-2xl font-bold leading-l text-dark-brand">€&nbsp;6,49</span></span><span class="min-h-[21px] text-s text-dark-primary-medium">€&nbsp;1,08 / St.</span></div></div></div></section></li><li class="cross-sell-horizontal-slider__item-wrapper" role="presentation"><section class="mb-2 flex flex-1 flex-col overflow-hidden rounded-2xl shadow-md" data-product-id="10315957"><a class="relative px-7 py-3.5 after:absolute after:inset-0 after:bg-gradient-radial after:from-transparent after:via-transparent after:to-[var(--background-light-primary-medium)] tablet:p-3.5" data-qa-id="form-product-slider-10315957-image-button" href="/baby/10315957/soledum-kapseln-junior-bei-erkaeltung-bronchitis-sinusitis.htm"><div class="flex aspect-square max-h-[130px] w-full items-center justify-center"><img alt="Soledum® Kapseln junior bei Erkältung, Bronchitis &amp; Sinusitis" data-analytics="item-image" loading="lazy" width="160" height="160" decoding="async" data-nimg="1" class="max-h-full w-auto max-w-full" srcset="https://cdn.shop-apotheke.com/images/256x0/D10/315/957/D10315957-p1.jpg 1x, https://cdn.shop-apotheke.com/images/320x0/D10/315/957/D10315957-p1.jpg 2x" src="https://cdn.shop-apotheke.com/images/320x0/D10/315/957/D10315957-p1.jpg" style="color: transparent;"></div><span class="absolute right-2.5 top-3.5 block aspect-square w-12 rounded-full bg-light-tertiary text-center font-mono font-medium leading-[48px] text-dark-primary-max">−16%²</span></a><div class="flex flex-1 flex-col justify-between gap-1 px-2 py-2.5"><a data-analytics="item-title" data-qa-id="form-product-slider-10315957-link-button" title="Soledum® Kapseln junior bei Erkältung, Bronchitis &amp; Sinusitis" class="link link_brand line-clamp-3 overflow-hidden text-ellipsis font-medium text-dark-primary-max no-underline" href="/baby/10315957/soledum-kapseln-junior-bei-erkaeltung-bronchitis-sinusitis.htm">Soledum® Kapseln junior bei Erkältung, Bronchitis &amp; Sinusitis</a><div class="flex flex-col gap-1"><span class="flex flex-col gap-0.5"><span class="flex"><a data-qa-id="product-rating" class="link link_brand flex" href="/baby/10315957/soledum-kapseln-junior-bei-erkaeltung-bronchitis-sinusitis.htm#user-reviews-section"><span class="rating text-xl"><span class="rating__item -mx-0.5"><svg viewBox="0 0 24 24" xmlns="http://www.w3.org/2000/svg" width="1em" height="1em" fill="currentColor" class="rating__icon rating__icon_filled"><path d="M10.615 4.33c.512-1.232 2.258-1.232 2.77 0l1.173 2.82a1.5 1.5 0 0 0 1.265.919l3.044.244c1.33.106 1.869 1.766.856 2.634l-2.32 1.987a1.5 1.5 0 0 0-.483 1.487l.709 2.97c.31 1.298-1.103 2.324-2.241 1.628l-2.606-1.591a1.5 1.5 0 0 0-1.564 0l-2.606 1.591c-1.139.696-2.55-.33-2.24-1.628l.708-2.97a1.5 1.5 0 0 0-.484-1.487l-2.319-1.987c-1.013-.868-.474-2.528.856-2.634l3.044-.244a1.5 1.5 0 0 0 1.265-.92z"></path></svg></span><span class="rating__item -mx-0.5"><svg viewBox="0 0 24 24" xmlns="http://www.w3.org/2000/svg" width="1em" height="1em" fill="currentColor" class="rating__icon rating__icon_filled"><path d="M10.615 4.33c.512-1.232 2.258-1.232 2.77 0l1.173 2.82a1.5 1.5 0 0 0 1.265.919l3.044.244c1.33.106 1.869 1.766.856 2.634l-2.32 1.987a1.5 1.5 0 0 0-.483 1.487l.709 2.97c.31 1.298-1.103 2.324-2.241 1.628l-2.606-1.591a1.5 1.5 0 0 0-1.564 0l-2.606 1.591c-1.139.696-2.55-.33-2.24-1.628l.708-2.97a1.5 1.5 0 0 0-.484-1.487l-2.319-1.987c-1.013-.868-.474-2.528.856-2.634l3.044-.244a1.5 1.5 0 0 0 1.265-.92z"></path></svg></span><span class="rating__item -mx-0.5"><svg viewBox="0 0 24 24" xmlns="http://www.w3.org/2000/svg" width="1em" height="1em" fill="currentColor" class="rating__icon rating__icon_filled"><path d="M10.615 4.33c.512-1.232 2.258-1.232 2.77 0l1.173 2.82a1.5 1.5 0 0 0 1.265.919l3.044.244c1.33.106 1.869 1.766.856 2.634l-2.32 1.987a1.5 1.5 0 0 0-.483 1.487l.709 2.97c.31 1.298-1.103 2.324-2.241 1.628l-2.606-1.591a1.5 1.5 0 0 0-1.564 0l-2.606 1.591c-1.139.696-2.55-.33-2.24-1.628l.708-2.97a1.5 1.5 0 0 0-.484-1.487l-2.319-1.987c-1.013-.868-.474-2.528.856-2.634l3.044-.244a1.5 1.5 0 0 0 1.265-.92z"></path></svg></span><span class="rating__item -mx-0.5"><svg viewBox="0 0 24 24" xmlns="http://www.w3.org/2000/svg" width="1em" height="1em" fill="currentColor" class="rating__icon rating__icon_filled"><path d="M10.615 4.33c.512-1.232 2.258-1.232 2.77 0l1.173 2.82a1.5 1.5 0 0 0 1.265.919l3.044.244c1.33.106 1.869 1.766.856 2.634l-2.32 1.987a1.5 1.5 0 0 0-.483 1.487l.709 2.97c.31 1.298-1.103 2.324-2.241 1.628l-2.606-1.591a1.5 1.5 0 0 0-1.564 0l-2.606 1.591c-1.139.696-2.55-.33-2.24-1.628l.708-2.97a1.5 1.5 0 0 0-.484-1.487l-2.319-1.987c-1.013-.868-.474-2.528.856-2.634l3.044-.244a1.5 1.5 0 0 0 1.265-.92z"></path></svg></span><span class="rating__item -mx-0.5"><svg viewBox="0 0 24 24" xmlns="http://www.w3.org/2000/svg" width="1em" height="1em" fill="currentColor" class="rating__icon rating__icon_filled"><path d="M10.615 4.33c.512-1.232 2.258-1.232 2.77 0l1.173 2.82a1.5 1.5 0 0 0 1.265.919l3.044.244c1.33.106 1.869 1.766.856 2.634l-2.32 1.987a1.5 1.5 0 0 0-.483 1.487l.709 2.97c.31 1.298-1.103 2.324-2.241 1.628l-2.606-1.591a1.5 1.5 0 0 0-1.564 0l-2.606 1.591c-1.139.696-2.55-.33-2.24-1.628l.708-2.97a1.5 1.5 0 0 0-.484-1.487l-2.319-1.987c-1.013-.868-.474-2.528.856-2.634l3.044-.244a1.5 1.5 0 0 0 1.265-.92z"></path></svg></span></span></a><sup class="top-1">27</sup></span><a data-qa-id="product-rating" class="link link_brand leading-l text-dark-primary-max" href="/baby/10315957/soledum-kapseln-junior-bei-erkaeltung-bronchitis-sinusitis.htm#user-reviews-section">(2)</a></span><span class="line-clamp-2 min-h-[42px] text-dark-primary-max">20 St | Kapseln magensaftresistent</span><div class="flex min-h-[39px] flex-col"><span class="flex flex-col"><span class="min-h-[21px] whitespace-nowrap text-dark-primary-low line-through">€&nbsp;8,35¹</span><span class="whitespace-nowrap text-2xl font-bold leading-l text-dark-brand">€&nbsp;6,99</span></span><span class="min-h-[21px] text-s text-dark-primary-medium">€&nbsp;0,35 / St.</span></div></div></div></section></li><li class="cross-sell-horizontal-slider__item-wrapper" role="presentation"><section class="mb-2 flex flex-1 flex-col overflow-hidden rounded-2xl shadow-md" data-product-id="00676387"><a class="relative px-7 py-3.5 after:absolute after:inset-0 after:bg-gradient-radial after:from-transparent after:via-transparent after:to-[var(--background-light-primary-medium)] tablet:p-3.5" data-qa-id="form-product-slider-00676387-image-button" href="/homoeopathie/676387/viburcol-n-suppositorien.htm"><div class="flex aspect-square max-h-[130px] w-full items-center justify-center"><img alt="Viburcol® N Suppositorien" data-analytics="item-image" loading="lazy" width="160" height="160" decoding="async" data-nimg="1" class="max-h-full w-auto max-w-full" srcset="https://cdn.shop-apotheke.com/images/256x0/D00/676/387/D00676387-p1.jpg 1x, https://cdn.shop-apotheke.com/images/320x0/D00/676/387/D00676387-p1.jpg 2x" src="https://cdn.shop-apotheke.com/images/320x0/D00/676/387/D00676387-p1.jpg" style="color: transparent;"></div><span class="absolute right-2.5 top-3.5 block aspect-square w-12 rounded-full bg-light-tertiary text-center font-mono font-medium leading-[48px] text-dark-primary-max">−25%²</span></a><div class="flex flex-1 flex-col justify-between gap-1 px-2 py-2.5"><a data-analytics="item-title" data-qa-id="form-product-slider-00676387-link-button" title="Viburcol® N Suppositorien" class="link link_brand line-clamp-3 overflow-hidden text-ellipsis font-medium text-dark-primary-max no-underline" href="/homoeopathie/676387/viburcol-n-suppositorien.htm">Viburcol® N Suppositorien</a><div class="flex flex-col gap-1"><span class="flex flex-col gap-0.5"><span class="flex"><a data-qa-id="product-rating" class="link link_brand flex" href="/homoeopathie/676387/viburcol-n-suppositorien.htm#user-reviews-section"><span class="rating text-xl"><span class="rating__item -mx-0.5"><svg viewBox="0 0 24 24" xmlns="http://www.w3.org/2000/svg" width="1em" height="1em" fill="currentColor" class="rating__icon rating__icon_filled"><path d="M10.615 4.33c.512-1.232 2.258-1.232 2.77 0l1.173 2.82a1.5 1.5 0 0 0 1.265.919l3.044.244c1.33.106 1.869 1.766.856 2.634l-2.32 1.987a1.5 1.5 0 0 0-.483 1.487l.709 2.97c.31 1.298-1.103 2.324-2.241 1.628l-2.606-1.591a1.5 1.5 0 0 0-1.564 0l-2.606 1.591c-1.139.696-2.55-.33-2.24-1.628l.708-2.97a1.5 1.5 0 0 0-.484-1.487l-2.319-1.987c-1.013-.868-.474-2.528.856-2.634l3.044-.244a1.5 1.5 0 0 0 1.265-.92z"></path></svg></span><span class="rating__item -mx-0.5"><svg viewBox="0 0 24 24" xmlns="http://www.w3.org/2000/svg" width="1em" height="1em" fill="currentColor" class="rating__icon rating__icon_filled"><path d="M10.615 4.33c.512-1.232 2.258-1.232 2.77 0l1.173 2.82a1.5 1.5 0 0 0 1.265.919l3.044.244c1.33.106 1.869 1.766.856 2.634l-2.32 1.987a1.5 1.5 0 0 0-.483 1.487l.709 2.97c.31 1.298-1.103 2.324-2.241 1.628l-2.606-1.591a1.5 1.5 0 0 0-1.564 0l-2.606 1.591c-1.139.696-2.55-.33-2.24-1.628l.708-2.97a1.5 1.5 0 0 0-.484-1.487l-2.319-1.987c-1.013-.868-.474-2.528.856-2.634l3.044-.244a1.5 1.5 0 0 0 1.265-.92z"></path></svg></span><span class="rating__item -mx-0.5"><svg viewBox="0 0 24 24" xmlns="http://www.w3.org/2000/svg" width="1em" height="1em" fill="currentColor" class="rating__icon rating__icon_filled"><path d="M10.615 4.33c.512-1.232 2.258-1.232 2.77 0l1.173 2.82a1.5 1.5 0 0 0 1.265.919l3.044.244c1.33.106 1.869 1.766.856 2.634l-2.32 1.987a1.5 1.5 0 0 0-.483 1.487l.709 2.97c.31 1.298-1.103 2.324-2.241 1.628l-2.606-1.591a1.5 1.5 0 0 0-1.564 0l-2.606 1.591c-1.139.696-2.55-.33-2.24-1.628l.708-2.97a1.5 1.5 0 0 0-.484-1.487l-2.319-1.987c-1.013-.868-.474-2.528.856-2.634l3.044-.244a1.5 1.5 0 0 0 1.265-.92z"></path></svg></span><span class="rating__item -mx-0.5"><svg viewBox="0 0 24 24" xmlns="http://www.w3.org/2000/svg" width="1em" height="1em" fill="currentColor" class="rating__icon rating__icon_filled"><path d="M10.615 4.33c.512-1.232 2.258-1.232 2.77 0l1.173 2.82a1.5 1.5 0 0 0 1.265.919l3.044.244c1.33.106 1.869 1.766.856 2.634l-2.32 1.987a1.5 1.5 0 0 0-.483 1.487l.709 2.97c.31 1.298-1.103 2.324-2.241 1.628l-2.606-1.591a1.5 1.5 0 0 0-1.564 0l-2.606 1.591c-1.139.696-2.55-.33-2.24-1.628l.708-2.97a1.5 1.5 0 0 0-.484-1.487l-2.319-1.987c-1.013-.868-.474-2.528.856-2.634l3.044-.244a1.5 1.5 0 0 0 1.265-.92z"></path></svg></span><span class="rating__item -mx-0.5"><svg viewBox="0 0 24 24" xmlns="http://www.w3.org/2000/svg" width="1em" height="1em" fill="currentColor" class="rating__icon rating__icon_filled"><path d="M10.615 4.33c.512-1.232 2.258-1.232 2.77 0l1.173 2.82a1.5 1.5 0 0 0 1.265.919l3.044.244c1.33.106 1.869 1.766.856 2.634l-2.32 1.987a1.5 1.5 0 0 0-.483 1.487l.709 2.97c.31 1.298-1.103 2.324-2.241 1.628l-2.606-1.591a1.5 1.5 0 0 0-1.564 0l-2.606 1.591c-1.139.696-2.55-.33-2.24-1.628l.708-2.97a1.5 1.5 0 0 0-.484-1.487l-2.319-1.987c-1.013-.868-.474-2.528.856-2.634l3.044-.244a1.5 1.5 0 0 0 1.265-.92z"></path></svg></span></span></a><sup class="top-1">27</sup></span><a data-qa-id="product-rating" class="link link_brand leading-l text-dark-primary-max" href="/homoeopathie/676387/viburcol-n-suppositorien.htm#user-reviews-section">(48)</a></span><span class="line-clamp-2 min-h-[42px] text-dark-primary-max">12 St | Kinder- und Säuglings-Suppositorien</span><div class="flex min-h-[39px] flex-col"><span class="flex flex-col"><span class="min-h-[21px] whitespace-nowrap text-dark-primary-low line-through">€&nbsp;11,97¹</span><span class="whitespace-nowrap text-2xl font-bold leading-l text-dark-brand">€&nbsp;8,99</span></span><span class="min-h-[21px] text-s text-dark-primary-medium">€&nbsp;0,75 / St.</span></div></div></div></section></li><li class="cross-sell-horizontal-slider__item-wrapper" role="presentation"><section class="mb-2 flex flex-1 flex-col overflow-hidden rounded-2xl shadow-md" data-product-id="A3971448"><a class="relative px-7 py-3.5 after:absolute after:inset-0 after:bg-gradient-radial after:from-transparent after:via-transparent after:to-[var(--background-light-primary-medium)] tablet:p-3.5" data-qa-id="form-product-slider-A3971448-image-button" href="/baby/A3971448/mama-aua-hals.htm"><div class="flex aspect-square max-h-[130px] w-full items-center justify-center"><img alt="Mama Aua! Hals" data-analytics="item-image" loading="lazy" width="160" height="160" decoding="async" data-nimg="1" class="max-h-full w-auto max-w-full" srcset="https://cdn.shop-apotheke.com/images/256x0/A39/714/48/A3971448-p10.jpg 1x, https://cdn.shop-apotheke.com/images/320x0/A39/714/48/A3971448-p10.jpg 2x" src="https://cdn.shop-apotheke.com/images/320x0/A39/714/48/A3971448-p10.jpg" style="color: transparent;"></div><span class="absolute right-2.5 top-3.5 block aspect-square w-12 rounded-full bg-light-tertiary text-center font-mono font-medium leading-[48px] text-dark-primary-max">−5%²</span></a><div class="flex flex-1 flex-col justify-between gap-1 px-2 py-2.5"><a data-analytics="item-title" data-qa-id="form-product-slider-A3971448-link-button" title="Mama Aua! Hals" class="link link_brand line-clamp-3 overflow-hidden text-ellipsis font-medium text-dark-primary-max no-underline" href="/baby/A3971448/mama-aua-hals.htm">Mama Aua! Hals</a><div class="flex flex-col gap-1"><span class="flex flex-col gap-0.5"><span class="flex"><a data-qa-id="product-rating" class="link link_brand flex" href="/baby/A3971448/mama-aua-hals.htm#user-reviews-section"><span class="rating text-xl"><span class="rating__item -mx-0.5"><svg viewBox="0 0 24 24" xmlns="http://www.w3.org/2000/svg" width="1em" height="1em" fill="currentColor" class="rating__icon rating__icon_filled"><path d="M10.615 4.33c.512-1.232 2.258-1.232 2.77 0l1.173 2.82a1.5 1.5 0 0 0 1.265.919l3.044.244c1.33.106 1.869 1.766.856 2.634l-2.32 1.987a1.5 1.5 0 0 0-.483 1.487l.709 2.97c.31 1.298-1.103 2.324-2.241 1.628l-2.606-1.591a1.5 1.5 0 0 0-1.564 0l-2.606 1.591c-1.139.696-2.55-.33-2.24-1.628l.708-2.97a1.5 1.5 0 0 0-.484-1.487l-2.319-1.987c-1.013-.868-.474-2.528.856-2.634l3.044-.244a1.5 1.5 0 0 0 1.265-.92z"></path></svg></span><span class="rating__item -mx-0.5"><svg viewBox="0 0 24 24" xmlns="http://www.w3.org/2000/svg" width="1em" height="1em" fill="currentColor" class="rating__icon rating__icon_filled"><path d="M10.615 4.33c.512-1.232 2.258-1.232 2.77 0l1.173 2.82a1.5 1.5 0 0 0 1.265.919l3.044.244c1.33.106 1.869 1.766.856 2.634l-2.32 1.987a1.5 1.5 0 0 0-.483 1.487l.709 2.97c.31 1.298-1.103 2.324-2.241 1.628l-2.606-1.591a1.5 1.5 0 0 0-1.564 0l-2.606 1.591c-1.139.696-2.55-.33-2.24-1.628l.708-2.97a1.5 1.5 0 0 0-.484-1.487l-2.319-1.987c-1.013-.868-.474-2.528.856-2.634l3.044-.244a1.5 1.5 0 0 0 1.265-.92z"></path></svg></span><span class="rating__item -mx-0.5"><svg viewBox="0 0 24 24" xmlns="http://www.w3.org/2000/svg" width="1em" height="1em" fill="currentColor" class="rating__icon rating__icon_filled"><path d="M10.615 4.33c.512-1.232 2.258-1.232 2.77 0l1.173 2.82a1.5 1.5 0 0 0 1.265.919l3.044.244c1.33.106 1.869 1.766.856 2.634l-2.32 1.987a1.5 1.5 0 0 0-.483 1.487l.709 2.97c.31 1.298-1.103 2.324-2.241 1.628l-2.606-1.591a1.5 1.5 0 0 0-1.564 0l-2.606 1.591c-1.139.696-2.55-.33-2.24-1.628l.708-2.97a1.5 1.5 0 0 0-.484-1.487l-2.319-1.987c-1.013-.868-.474-2.528.856-2.634l3.044-.244a1.5 1.5 0 0 0 1.265-.92z"></path></svg></span><span class="rating__item -mx-0.5"><svg viewBox="0 0 24 24" xmlns="http://www.w3.org/2000/svg" width="1em" height="1em" fill="currentColor" class="rating__icon rating__icon_filled"><path d="M10.615 4.33c.512-1.232 2.258-1.232 2.77 0l1.173 2.82a1.5 1.5 0 0 0 1.265.919l3.044.244c1.33.106 1.869 1.766.856 2.634l-2.32 1.987a1.5 1.5 0 0 0-.483 1.487l.709 2.97c.31 1.298-1.103 2.324-2.241 1.628l-2.606-1.591a1.5 1.5 0 0 0-1.564 0l-2.606 1.591c-1.139.696-2.55-.33-2.24-1.628l.708-2.97a1.5 1.5 0 0 0-.484-1.487l-2.319-1.987c-1.013-.868-.474-2.528.856-2.634l3.044-.244a1.5 1.5 0 0 0 1.265-.92z"></path></svg></span><span class="rating__item -mx-0.5"><svg viewBox="0 0 24 24" xmlns="http://www.w3.org/2000/svg" width="1em" height="1em" fill="currentColor" class="rating__icon"><path fill-rule="evenodd" d="m12 6.208-.711 1.71a3.5 3.5 0 0 1-2.952 2.144l-1.846.148 1.407 1.205a3.5 3.5 0 0 1 1.127 3.47l-.43 1.8 1.58-.964a3.5 3.5 0 0 1 3.65 0l1.58.965-.43-1.801a3.5 3.5 0 0 1 1.127-3.47l1.407-1.205-1.846-.148a3.5 3.5 0 0 1-2.952-2.145zm1.385-1.878c-.512-1.232-2.258-1.232-2.77 0L9.442 7.15a1.5 1.5 0 0 1-1.265.919l-3.044.244c-1.33.106-1.869 1.766-.856 2.634l2.32 1.987a1.5 1.5 0 0 1 .483 1.487l-.709 2.97c-.31 1.298 1.102 2.324 2.241 1.628l2.606-1.591a1.5 1.5 0 0 1 1.564 0l2.606 1.591c1.138.696 2.55-.33 2.24-1.628l-.708-2.97a1.5 1.5 0 0 1 .483-1.487l2.32-1.987c1.013-.868.474-2.528-.856-2.634l-3.044-.244a1.5 1.5 0 0 1-1.265-.92z" clip-rule="evenodd"></path></svg></span></span></a><sup class="top-1">27</sup></span><a data-qa-id="product-rating" class="link link_brand leading-l text-dark-primary-max" href="/baby/A3971448/mama-aua-hals.htm#user-reviews-section">(6)</a></span><span class="line-clamp-2 min-h-[42px] text-dark-primary-max">10 ml | Tropfen</span><div class="flex min-h-[39px] flex-col"><span class="flex flex-col"><span class="min-h-[21px] whitespace-nowrap text-dark-primary-low line-through">€&nbsp;7,15¹</span><span class="whitespace-nowrap text-2xl font-bold leading-l text-dark-brand">€&nbsp;6,79</span></span><span class="min-h-[21px] text-s text-dark-primary-medium">€&nbsp;679,00 / l</span></div></div></div></section></li><li class="cross-sell-horizontal-slider__item-wrapper" role="presentation"><section class="mb-2 flex flex-1 flex-col overflow-hidden rounded-2xl shadow-md" data-product-id="01448429"><a class="relative px-7 py-3.5 after:absolute after:inset-0 after:bg-gradient-radial after:from-transparent after:via-transparent after:to-[var(--background-light-primary-medium)] tablet:p-3.5" data-qa-id="form-product-slider-01448429-image-button" href="/homoeopathie/1448429/wala-passiflora-kinderzaepfchen.htm"><div class="flex aspect-square max-h-[130px] w-full items-center justify-center"><img alt="Wala® Passiflora Kinderzäpfchen" data-analytics="item-image" loading="lazy" width="160" height="160" decoding="async" data-nimg="1" class="max-h-full w-auto max-w-full" srcset="https://cdn.shop-apotheke.com/images/256x0/D01/448/429/D01448429-p1.jpg 1x, https://cdn.shop-apotheke.com/images/320x0/D01/448/429/D01448429-p1.jpg 2x" src="https://cdn.shop-apotheke.com/images/320x0/D01/448/429/D01448429-p1.jpg" style="color: transparent;"></div><span class="absolute right-2.5 top-3.5 block aspect-square w-12 rounded-full bg-light-tertiary text-center font-mono font-medium leading-[48px] text-dark-primary-max">−10%²</span></a><div class="flex flex-1 flex-col justify-between gap-1 px-2 py-2.5"><a data-analytics="item-title" data-qa-id="form-product-slider-01448429-link-button" title="Wala® Passiflora Kinderzäpfchen" class="link link_brand line-clamp-3 overflow-hidden text-ellipsis font-medium text-dark-primary-max no-underline" href="/homoeopathie/1448429/wala-passiflora-kinderzaepfchen.htm">Wala® Passiflora Kinderzäpfchen</a><div class="flex flex-col gap-1"><span class="flex flex-col gap-0.5"><span class="flex"><a data-qa-id="product-rating" class="link link_brand flex" href="/homoeopathie/1448429/wala-passiflora-kinderzaepfchen.htm#user-reviews-section"><span class="rating text-xl"><span class="rating__item -mx-0.5"><svg viewBox="0 0 24 24" xmlns="http://www.w3.org/2000/svg" width="1em" height="1em" fill="currentColor" class="rating__icon rating__icon_filled"><path d="M10.615 4.33c.512-1.232 2.258-1.232 2.77 0l1.173 2.82a1.5 1.5 0 0 0 1.265.919l3.044.244c1.33.106 1.869 1.766.856 2.634l-2.32 1.987a1.5 1.5 0 0 0-.483 1.487l.709 2.97c.31 1.298-1.103 2.324-2.241 1.628l-2.606-1.591a1.5 1.5 0 0 0-1.564 0l-2.606 1.591c-1.139.696-2.55-.33-2.24-1.628l.708-2.97a1.5 1.5 0 0 0-.484-1.487l-2.319-1.987c-1.013-.868-.474-2.528.856-2.634l3.044-.244a1.5 1.5 0 0 0 1.265-.92z"></path></svg></span><span class="rating__item -mx-0.5"><svg viewBox="0 0 24 24" xmlns="http://www.w3.org/2000/svg" width="1em" height="1em" fill="currentColor" class="rating__icon rating__icon_filled"><path d="M10.615 4.33c.512-1.232 2.258-1.232 2.77 0l1.173 2.82a1.5 1.5 0 0 0 1.265.919l3.044.244c1.33.106 1.869 1.766.856 2.634l-2.32 1.987a1.5 1.5 0 0 0-.483 1.487l.709 2.97c.31 1.298-1.103 2.324-2.241 1.628l-2.606-1.591a1.5 1.5 0 0 0-1.564 0l-2.606 1.591c-1.139.696-2.55-.33-2.24-1.628l.708-2.97a1.5 1.5 0 0 0-.484-1.487l-2.319-1.987c-1.013-.868-.474-2.528.856-2.634l3.044-.244a1.5 1.5 0 0 0 1.265-.92z"></path></svg></span><span class="rating__item -mx-0.5"><svg viewBox="0 0 24 24" xmlns="http://www.w3.org/2000/svg" width="1em" height="1em" fill="currentColor" class="rating__icon rating__icon_filled"><path d="M10.615 4.33c.512-1.232 2.258-1.232 2.77 0l1.173 2.82a1.5 1.5 0 0 0 1.265.919l3.044.244c1.33.106 1.869 1.766.856 2.634l-2.32 1.987a1.5 1.5 0 0 0-.483 1.487l.709 2.97c.31 1.298-1.103 2.324-2.241 1.628l-2.606-1.591a1.5 1.5 0 0 0-1.564 0l-2.606 1.591c-1.139.696-2.55-.33-2.24-1.628l.708-2.97a1.5 1.5 0 0 0-.484-1.487l-2.319-1.987c-1.013-.868-.474-2.528.856-2.634l3.044-.244a1.5 1.5 0 0 0 1.265-.92z"></path></svg></span><span class="rating__item -mx-0.5"><svg viewBox="0 0 24 24" xmlns="http://www.w3.org/2000/svg" width="1em" height="1em" fill="currentColor" class="rating__icon rating__icon_filled"><path d="M10.615 4.33c.512-1.232 2.258-1.232 2.77 0l1.173 2.82a1.5 1.5 0 0 0 1.265.919l3.044.244c1.33.106 1.869 1.766.856 2.634l-2.32 1.987a1.5 1.5 0 0 0-.483 1.487l.709 2.97c.31 1.298-1.103 2.324-2.241 1.628l-2.606-1.591a1.5 1.5 0 0 0-1.564 0l-2.606 1.591c-1.139.696-2.55-.33-2.24-1.628l.708-2.97a1.5 1.5 0 0 0-.484-1.487l-2.319-1.987c-1.013-.868-.474-2.528.856-2.634l3.044-.244a1.5 1.5 0 0 0 1.265-.92z"></path></svg></span><span class="rating__item -mx-0.5"><svg viewBox="0 0 24 24" xmlns="http://www.w3.org/2000/svg" width="1em" height="1em" fill="currentColor" class="rating__icon rating__icon_filled"><path d="M10.615 4.33c.512-1.232 2.258-1.232 2.77 0l1.173 2.82a1.5 1.5 0 0 0 1.265.919l3.044.244c1.33.106 1.869 1.766.856 2.634l-2.32 1.987a1.5 1.5 0 0 0-.483 1.487l.709 2.97c.31 1.298-1.103 2.324-2.241 1.628l-2.606-1.591a1.5 1.5 0 0 0-1.564 0l-2.606 1.591c-1.139.696-2.55-.33-2.24-1.628l.708-2.97a1.5 1.5 0 0 0-.484-1.487l-2.319-1.987c-1.013-.868-.474-2.528.856-2.634l3.044-.244a1.5 1.5 0 0 0 1.265-.92z"></path></svg></span></span></a><sup class="top-1">27</sup></span><a data-qa-id="product-rating" class="link link_brand leading-l text-dark-primary-max" href="/homoeopathie/1448429/wala-passiflora-kinderzaepfchen.htm#user-reviews-section">(2)</a></span><span class="line-clamp-2 min-h-[42px] text-dark-primary-max">10x1 g | Kinder-Suppositorien</span><div class="flex min-h-[39px] flex-col"><span class="flex flex-col"><span class="min-h-[21px] whitespace-nowrap text-dark-primary-low line-through">€&nbsp;9,97¹</span><span class="whitespace-nowrap text-2xl font-bold leading-l text-dark-brand">€&nbsp;8,99</span></span><span class="min-h-[21px] text-s text-dark-primary-medium">€&nbsp;899,00 / kg</span></div></div></div></section></li><li class="cross-sell-horizontal-slider__item-wrapper" role="presentation"><section class="mb-2 flex flex-1 flex-col overflow-hidden rounded-2xl shadow-md" data-product-id="00154950"><a class="relative px-7 py-3.5 after:absolute after:inset-0 after:bg-gradient-radial after:from-transparent after:via-transparent after:to-[var(--background-light-primary-medium)] tablet:p-3.5" data-qa-id="form-product-slider-00154950-image-button" href="/homoeopathie/154950/bronchalis-heel-tabletten.htm"><div class="flex aspect-square max-h-[130px] w-full items-center justify-center"><img alt="Bronchalis-Heel® Tabletten" data-analytics="item-image" loading="lazy" width="160" height="160" decoding="async" data-nimg="1" class="max-h-full w-auto max-w-full" srcset="https://cdn.shop-apotheke.com/images/256x0/D00/154/950/D00154950-p10.jpg 1x, https://cdn.shop-apotheke.com/images/320x0/D00/154/950/D00154950-p10.jpg 2x" src="https://cdn.shop-apotheke.com/images/320x0/D00/154/950/D00154950-p10.jpg" style="color: transparent;"></div><span class="absolute right-2.5 top-3.5 block aspect-square w-12 rounded-full bg-light-tertiary text-center font-mono font-medium leading-[48px] text-dark-primary-max">−19%²</span></a><div class="flex flex-1 flex-col justify-between gap-1 px-2 py-2.5"><a data-analytics="item-title" data-qa-id="form-product-slider-00154950-link-button" title="Bronchalis-Heel® Tabletten" class="link link_brand line-clamp-3 overflow-hidden text-ellipsis font-medium text-dark-primary-max no-underline" href="/homoeopathie/154950/bronchalis-heel-tabletten.htm">Bronchalis-Heel® Tabletten</a><div class="flex flex-col gap-1"><span class="flex flex-col gap-0.5"><span class="flex"><a data-qa-id="product-rating" class="link link_brand flex" href="/homoeopathie/154950/bronchalis-heel-tabletten.htm#user-reviews-section"><span class="rating text-xl"><span class="rating__item -mx-0.5"><svg viewBox="0 0 24 24" xmlns="http://www.w3.org/2000/svg" width="1em" height="1em" fill="currentColor" class="rating__icon rating__icon_filled"><path d="M10.615 4.33c.512-1.232 2.258-1.232 2.77 0l1.173 2.82a1.5 1.5 0 0 0 1.265.919l3.044.244c1.33.106 1.869 1.766.856 2.634l-2.32 1.987a1.5 1.5 0 0 0-.483 1.487l.709 2.97c.31 1.298-1.103 2.324-2.241 1.628l-2.606-1.591a1.5 1.5 0 0 0-1.564 0l-2.606 1.591c-1.139.696-2.55-.33-2.24-1.628l.708-2.97a1.5 1.5 0 0 0-.484-1.487l-2.319-1.987c-1.013-.868-.474-2.528.856-2.634l3.044-.244a1.5 1.5 0 0 0 1.265-.92z"></path></svg></span><span class="rating__item -mx-0.5"><svg viewBox="0 0 24 24" xmlns="http://www.w3.org/2000/svg" width="1em" height="1em" fill="currentColor" class="rating__icon rating__icon_filled"><path d="M10.615 4.33c.512-1.232 2.258-1.232 2.77 0l1.173 2.82a1.5 1.5 0 0 0 1.265.919l3.044.244c1.33.106 1.869 1.766.856 2.634l-2.32 1.987a1.5 1.5 0 0 0-.483 1.487l.709 2.97c.31 1.298-1.103 2.324-2.241 1.628l-2.606-1.591a1.5 1.5 0 0 0-1.564 0l-2.606 1.591c-1.139.696-2.55-.33-2.24-1.628l.708-2.97a1.5 1.5 0 0 0-.484-1.487l-2.319-1.987c-1.013-.868-.474-2.528.856-2.634l3.044-.244a1.5 1.5 0 0 0 1.265-.92z"></path></svg></span><span class="rating__item -mx-0.5"><svg viewBox="0 0 24 24" xmlns="http://www.w3.org/2000/svg" width="1em" height="1em" fill="currentColor" class="rating__icon rating__icon_filled"><path d="M10.615 4.33c.512-1.232 2.258-1.232 2.77 0l1.173 2.82a1.5 1.5 0 0 0 1.265.919l3.044.244c1.33.106 1.869 1.766.856 2.634l-2.32 1.987a1.5 1.5 0 0 0-.483 1.487l.709 2.97c.31 1.298-1.103 2.324-2.241 1.628l-2.606-1.591a1.5 1.5 0 0 0-1.564 0l-2.606 1.591c-1.139.696-2.55-.33-2.24-1.628l.708-2.97a1.5 1.5 0 0 0-.484-1.487l-2.319-1.987c-1.013-.868-.474-2.528.856-2.634l3.044-.244a1.5 1.5 0 0 0 1.265-.92z"></path></svg></span><span class="rating__item -mx-0.5"><svg viewBox="0 0 24 24" xmlns="http://www.w3.org/2000/svg" width="1em" height="1em" fill="currentColor" class="rating__icon rating__icon_filled"><path d="M10.615 4.33c.512-1.232 2.258-1.232 2.77 0l1.173 2.82a1.5 1.5 0 0 0 1.265.919l3.044.244c1.33.106 1.869 1.766.856 2.634l-2.32 1.987a1.5 1.5 0 0 0-.483 1.487l.709 2.97c.31 1.298-1.103 2.324-2.241 1.628l-2.606-1.591a1.5 1.5 0 0 0-1.564 0l-2.606 1.591c-1.139.696-2.55-.33-2.24-1.628l.708-2.97a1.5 1.5 0 0 0-.484-1.487l-2.319-1.987c-1.013-.868-.474-2.528.856-2.634l3.044-.244a1.5 1.5 0 0 0 1.265-.92z"></path></svg></span><span class="rating__item -mx-0.5"><svg viewBox="0 0 24 24" xmlns="http://www.w3.org/2000/svg" width="1em" height="1em" fill="currentColor" class="rating__icon rating__icon_filled"><path d="M10.615 4.33c.512-1.232 2.258-1.232 2.77 0l1.173 2.82a1.5 1.5 0 0 0 1.265.919l3.044.244c1.33.106 1.869 1.766.856 2.634l-2.32 1.987a1.5 1.5 0 0 0-.483 1.487l.709 2.97c.31 1.298-1.103 2.324-2.241 1.628l-2.606-1.591a1.5 1.5 0 0 0-1.564 0l-2.606 1.591c-1.139.696-2.55-.33-2.24-1.628l.708-2.97a1.5 1.5 0 0 0-.484-1.487l-2.319-1.987c-1.013-.868-.474-2.528.856-2.634l3.044-.244a1.5 1.5 0 0 0 1.265-.92z"></path></svg></span></span></a><sup class="top-1">27</sup></span><a data-qa-id="product-rating" class="link link_brand leading-l text-dark-primary-max" href="/homoeopathie/154950/bronchalis-heel-tabletten.htm#user-reviews-section">(5)</a></span><span class="line-clamp-2 min-h-[42px] text-dark-primary-max">50 St | Tabletten</span><div class="flex min-h-[39px] flex-col"><span class="flex flex-col"><span class="min-h-[21px] whitespace-nowrap text-dark-primary-low line-through">€&nbsp;13,53¹</span><span class="whitespace-nowrap text-2xl font-bold leading-l text-dark-brand">€&nbsp;10,99</span></span><span class="min-h-[21px] text-s text-dark-primary-medium">€&nbsp;0,22 / St.</span></div></div></div></section></li><li class="cross-sell-horizontal-slider__item-wrapper" role="presentation"><section class="mb-2 flex flex-1 flex-col overflow-hidden rounded-2xl shadow-md" data-product-id="16699002"><a class="relative px-7 py-3.5 after:absolute after:inset-0 after:bg-gradient-radial after:from-transparent after:via-transparent after:to-[var(--background-light-primary-medium)] tablet:p-3.5" data-qa-id="form-product-slider-16699002-image-button" href="/arzneimittel/16699002/bronchicum-thymian-hustensaft.htm"><div class="flex aspect-square max-h-[130px] w-full items-center justify-center"><img alt="Bronchicum Thymian Hustensaft - Pflanzlicher Hustenlöser geeignet für Säuglinge" data-analytics="item-image" loading="lazy" width="160" height="160" decoding="async" data-nimg="1" class="max-h-full w-auto max-w-full" srcset="https://cdn.shop-apotheke.com/images/256x0/D16/699/002/D16699002-p1.jpg 1x, https://cdn.shop-apotheke.com/images/320x0/D16/699/002/D16699002-p1.jpg 2x" src="https://cdn.shop-apotheke.com/images/320x0/D16/699/002/D16699002-p1.jpg" style="color: transparent;"></div><span class="absolute right-2.5 top-3.5 block aspect-square w-12 rounded-full bg-light-tertiary text-center font-mono font-medium leading-[48px] text-dark-primary-max">−14%²</span></a><div class="flex flex-1 flex-col justify-between gap-1 px-2 py-2.5"><a data-analytics="item-title" data-qa-id="form-product-slider-16699002-link-button" title="Bronchicum Thymian Hustensaft - Pflanzlicher Hustenlöser geeignet für Säuglinge" class="link link_brand line-clamp-3 overflow-hidden text-ellipsis font-medium text-dark-primary-max no-underline" href="/arzneimittel/16699002/bronchicum-thymian-hustensaft.htm">Bronchicum Thymian Hustensaft - Pflanzlicher Hustenlöser geeignet für Säuglinge</a><div class="flex flex-col gap-1"><span class="flex flex-col gap-0.5"><span class="flex"><a data-qa-id="product-rating" class="link link_brand flex" href="/arzneimittel/16699002/bronchicum-thymian-hustensaft.htm#user-reviews-section"><span class="rating text-xl"><span class="rating__item -mx-0.5"><svg viewBox="0 0 24 24" xmlns="http://www.w3.org/2000/svg" width="1em" height="1em" fill="currentColor" class="rating__icon rating__icon_filled"><path d="M10.615 4.33c.512-1.232 2.258-1.232 2.77 0l1.173 2.82a1.5 1.5 0 0 0 1.265.919l3.044.244c1.33.106 1.869 1.766.856 2.634l-2.32 1.987a1.5 1.5 0 0 0-.483 1.487l.709 2.97c.31 1.298-1.103 2.324-2.241 1.628l-2.606-1.591a1.5 1.5 0 0 0-1.564 0l-2.606 1.591c-1.139.696-2.55-.33-2.24-1.628l.708-2.97a1.5 1.5 0 0 0-.484-1.487l-2.319-1.987c-1.013-.868-.474-2.528.856-2.634l3.044-.244a1.5 1.5 0 0 0 1.265-.92z"></path></svg></span><span class="rating__item -mx-0.5"><svg viewBox="0 0 24 24" xmlns="http://www.w3.org/2000/svg" width="1em" height="1em" fill="currentColor" class="rating__icon rating__icon_filled"><path d="M10.615 4.33c.512-1.232 2.258-1.232 2.77 0l1.173 2.82a1.5 1.5 0 0 0 1.265.919l3.044.244c1.33.106 1.869 1.766.856 2.634l-2.32 1.987a1.5 1.5 0 0 0-.483 1.487l.709 2.97c.31 1.298-1.103 2.324-2.241 1.628l-2.606-1.591a1.5 1.5 0 0 0-1.564 0l-2.606 1.591c-1.139.696-2.55-.33-2.24-1.628l.708-2.97a1.5 1.5 0 0 0-.484-1.487l-2.319-1.987c-1.013-.868-.474-2.528.856-2.634l3.044-.244a1.5 1.5 0 0 0 1.265-.92z"></path></svg></span><span class="rating__item -mx-0.5"><svg viewBox="0 0 24 24" xmlns="http://www.w3.org/2000/svg" width="1em" height="1em" fill="currentColor" class="rating__icon rating__icon_filled"><path d="M10.615 4.33c.512-1.232 2.258-1.232 2.77 0l1.173 2.82a1.5 1.5 0 0 0 1.265.919l3.044.244c1.33.106 1.869 1.766.856 2.634l-2.32 1.987a1.5 1.5 0 0 0-.483 1.487l.709 2.97c.31 1.298-1.103 2.324-2.241 1.628l-2.606-1.591a1.5 1.5 0 0 0-1.564 0l-2.606 1.591c-1.139.696-2.55-.33-2.24-1.628l.708-2.97a1.5 1.5 0 0 0-.484-1.487l-2.319-1.987c-1.013-.868-.474-2.528.856-2.634l3.044-.244a1.5 1.5 0 0 0 1.265-.92z"></path></svg></span><span class="rating__item -mx-0.5"><svg viewBox="0 0 24 24" xmlns="http://www.w3.org/2000/svg" width="1em" height="1em" fill="currentColor" class="rating__icon rating__icon_filled"><path d="M10.615 4.33c.512-1.232 2.258-1.232 2.77 0l1.173 2.82a1.5 1.5 0 0 0 1.265.919l3.044.244c1.33.106 1.869 1.766.856 2.634l-2.32 1.987a1.5 1.5 0 0 0-.483 1.487l.709 2.97c.31 1.298-1.103 2.324-2.241 1.628l-2.606-1.591a1.5 1.5 0 0 0-1.564 0l-2.606 1.591c-1.139.696-2.55-.33-2.24-1.628l.708-2.97a1.5 1.5 0 0 0-.484-1.487l-2.319-1.987c-1.013-.868-.474-2.528.856-2.634l3.044-.244a1.5 1.5 0 0 0 1.265-.92z"></path></svg></span><span class="rating__item -mx-0.5"><svg viewBox="0 0 24 24" xmlns="http://www.w3.org/2000/svg" width="1em" height="1em" fill="currentColor" class="rating__icon rating__icon_filled"><path d="M10.615 4.33c.512-1.232 2.258-1.232 2.77 0l1.173 2.82a1.5 1.5 0 0 0 1.265.919l3.044.244c1.33.106 1.869 1.766.856 2.634l-2.32 1.987a1.5 1.5 0 0 0-.483 1.487l.709 2.97c.31 1.298-1.103 2.324-2.241 1.628l-2.606-1.591a1.5 1.5 0 0 0-1.564 0l-2.606 1.591c-1.139.696-2.55-.33-2.24-1.628l.708-2.97a1.5 1.5 0 0 0-.484-1.487l-2.319-1.987c-1.013-.868-.474-2.528.856-2.634l3.044-.244a1.5 1.5 0 0 0 1.265-.92z"></path></svg></span></span></a><sup class="top-1">27</sup></span><a data-qa-id="product-rating" class="link link_brand leading-l text-dark-primary-max" href="/arzneimittel/16699002/bronchicum-thymian-hustensaft.htm#user-reviews-section">(2)</a></span><span class="line-clamp-2 min-h-[42px] text-dark-primary-max">200 ml | Saft</span><div class="flex min-h-[39px] flex-col"><span class="flex flex-col"><span class="min-h-[21px] whitespace-nowrap text-dark-primary-low line-through">€&nbsp;17,50¹</span><span class="whitespace-nowrap text-2xl font-bold leading-l text-dark-brand">€&nbsp;14,99</span></span><span class="min-h-[21px] text-s text-dark-primary-medium">€&nbsp;74,95 / l</span></div></div></div></section></li><li class="cross-sell-horizontal-slider__item-wrapper" role="presentation"><section class="mb-2 flex flex-1 flex-col overflow-hidden rounded-2xl shadow-md" data-product-id="01167593"><a class="relative px-7 py-3.5 after:absolute after:inset-0 after:bg-gradient-radial after:from-transparent after:via-transparent after:to-[var(--background-light-primary-medium)] tablet:p-3.5" data-qa-id="form-product-slider-01167593-image-button" href="/baby/1167593/transpulmin-baby-balsam-mild-wohltuender-erkaeltungsbalsam-fuer-kinder-ab-3-monaten.htm"><div class="flex aspect-square max-h-[130px] w-full items-center justify-center"><img alt="Transpulmin Baby Balsam mild: Wohltuender Erkältungsbalsam für Kinder ab 3 Monaten," data-analytics="item-image" loading="lazy" width="160" height="160" decoding="async" data-nimg="1" class="max-h-full w-auto max-w-full" srcset="https://cdn.shop-apotheke.com/images/256x0/D01/167/593/D01167593-p1.jpg 1x, https://cdn.shop-apotheke.com/images/320x0/D01/167/593/D01167593-p1.jpg 2x" src="https://cdn.shop-apotheke.com/images/320x0/D01/167/593/D01167593-p1.jpg" style="color: transparent;"></div><span class="absolute right-2.5 top-3.5 block aspect-square w-12 rounded-full bg-light-tertiary text-center font-mono font-medium leading-[48px] text-dark-primary-max">−21%²</span></a><div class="flex flex-1 flex-col justify-between gap-1 px-2 py-2.5"><a data-analytics="item-title" data-qa-id="form-product-slider-01167593-link-button" title="Transpulmin Baby Balsam mild: Wohltuender Erkältungsbalsam für Kinder ab 3 Monaten," class="link link_brand line-clamp-3 overflow-hidden text-ellipsis font-medium text-dark-primary-max no-underline" href="/baby/1167593/transpulmin-baby-balsam-mild-wohltuender-erkaeltungsbalsam-fuer-kinder-ab-3-monaten.htm">Transpulmin Baby Balsam mild: Wohltuender Erkältungsbalsam für Kinder ab 3 Monaten,</a><div class="flex flex-col gap-1"><span class="flex flex-col gap-0.5"><span class="flex"><a data-qa-id="product-rating" class="link link_brand flex" href="/baby/1167593/transpulmin-baby-balsam-mild-wohltuender-erkaeltungsbalsam-fuer-kinder-ab-3-monaten.htm#user-reviews-section"><span class="rating text-xl"><span class="rating__item -mx-0.5"><svg viewBox="0 0 24 24" xmlns="http://www.w3.org/2000/svg" width="1em" height="1em" fill="currentColor" class="rating__icon rating__icon_filled"><path d="M10.615 4.33c.512-1.232 2.258-1.232 2.77 0l1.173 2.82a1.5 1.5 0 0 0 1.265.919l3.044.244c1.33.106 1.869 1.766.856 2.634l-2.32 1.987a1.5 1.5 0 0 0-.483 1.487l.709 2.97c.31 1.298-1.103 2.324-2.241 1.628l-2.606-1.591a1.5 1.5 0 0 0-1.564 0l-2.606 1.591c-1.139.696-2.55-.33-2.24-1.628l.708-2.97a1.5 1.5 0 0 0-.484-1.487l-2.319-1.987c-1.013-.868-.474-2.528.856-2.634l3.044-.244a1.5 1.5 0 0 0 1.265-.92z"></path></svg></span><span class="rating__item -mx-0.5"><svg viewBox="0 0 24 24" xmlns="http://www.w3.org/2000/svg" width="1em" height="1em" fill="currentColor" class="rating__icon rating__icon_filled"><path d="M10.615 4.33c.512-1.232 2.258-1.232 2.77 0l1.173 2.82a1.5 1.5 0 0 0 1.265.919l3.044.244c1.33.106 1.869 1.766.856 2.634l-2.32 1.987a1.5 1.5 0 0 0-.483 1.487l.709 2.97c.31 1.298-1.103 2.324-2.241 1.628l-2.606-1.591a1.5 1.5 0 0 0-1.564 0l-2.606 1.591c-1.139.696-2.55-.33-2.24-1.628l.708-2.97a1.5 1.5 0 0 0-.484-1.487l-2.319-1.987c-1.013-.868-.474-2.528.856-2.634l3.044-.244a1.5 1.5 0 0 0 1.265-.92z"></path></svg></span><span class="rating__item -mx-0.5"><svg viewBox="0 0 24 24" xmlns="http://www.w3.org/2000/svg" width="1em" height="1em" fill="currentColor" class="rating__icon rating__icon_filled"><path d="M10.615 4.33c.512-1.232 2.258-1.232 2.77 0l1.173 2.82a1.5 1.5 0 0 0 1.265.919l3.044.244c1.33.106 1.869 1.766.856 2.634l-2.32 1.987a1.5 1.5 0 0 0-.483 1.487l.709 2.97c.31 1.298-1.103 2.324-2.241 1.628l-2.606-1.591a1.5 1.5 0 0 0-1.564 0l-2.606 1.591c-1.139.696-2.55-.33-2.24-1.628l.708-2.97a1.5 1.5 0 0 0-.484-1.487l-2.319-1.987c-1.013-.868-.474-2.528.856-2.634l3.044-.244a1.5 1.5 0 0 0 1.265-.92z"></path></svg></span><span class="rating__item -mx-0.5"><svg viewBox="0 0 24 24" xmlns="http://www.w3.org/2000/svg" width="1em" height="1em" fill="currentColor" class="rating__icon rating__icon_filled"><path d="M10.615 4.33c.512-1.232 2.258-1.232 2.77 0l1.173 2.82a1.5 1.5 0 0 0 1.265.919l3.044.244c1.33.106 1.869 1.766.856 2.634l-2.32 1.987a1.5 1.5 0 0 0-.483 1.487l.709 2.97c.31 1.298-1.103 2.324-2.241 1.628l-2.606-1.591a1.5 1.5 0 0 0-1.564 0l-2.606 1.591c-1.139.696-2.55-.33-2.24-1.628l.708-2.97a1.5 1.5 0 0 0-.484-1.487l-2.319-1.987c-1.013-.868-.474-2.528.856-2.634l3.044-.244a1.5 1.5 0 0 0 1.265-.92z"></path></svg></span><span class="rating__item -mx-0.5"><svg viewBox="0 0 24 24" xmlns="http://www.w3.org/2000/svg" width="1em" height="1em" fill="currentColor" class="rating__icon rating__icon_filled"><path d="M10.615 4.33c.512-1.232 2.258-1.232 2.77 0l1.173 2.82a1.5 1.5 0 0 0 1.265.919l3.044.244c1.33.106 1.869 1.766.856 2.634l-2.32 1.987a1.5 1.5 0 0 0-.483 1.487l.709 2.97c.31 1.298-1.103 2.324-2.241 1.628l-2.606-1.591a1.5 1.5 0 0 0-1.564 0l-2.606 1.591c-1.139.696-2.55-.33-2.24-1.628l.708-2.97a1.5 1.5 0 0 0-.484-1.487l-2.319-1.987c-1.013-.868-.474-2.528.856-2.634l3.044-.244a1.5 1.5 0 0 0 1.265-.92z"></path></svg></span></span></a><sup class="top-1">27</sup></span><a data-qa-id="product-rating" class="link link_brand leading-l text-dark-primary-max" href="/baby/1167593/transpulmin-baby-balsam-mild-wohltuender-erkaeltungsbalsam-fuer-kinder-ab-3-monaten.htm#user-reviews-section">(22)</a></span><span class="line-clamp-2 min-h-[42px] text-dark-primary-max">40 ml | Balsam</span><div class="flex min-h-[39px] flex-col"><span class="flex flex-col"><span class="min-h-[21px] whitespace-nowrap text-dark-primary-low line-through">€&nbsp;9,97¹</span><span class="whitespace-nowrap text-2xl font-bold leading-l text-dark-brand">€&nbsp;7,89</span></span><span class="min-h-[21px] text-s text-dark-primary-medium">€&nbsp;197,25 / l</span></div></div></div></section></li><li class="cross-sell-horizontal-slider__item-wrapper" role="presentation"><section class="mb-2 flex flex-1 flex-col overflow-hidden rounded-2xl shadow-md" data-product-id="A5296347"><a class="relative px-7 py-3.5 after:absolute after:inset-0 after:bg-gradient-radial after:from-transparent after:via-transparent after:to-[var(--background-light-primary-medium)] tablet:p-3.5" data-qa-id="form-product-slider-A5296347-image-button" href="/homoeopathie/A5296347/doskar-orignal-notfall-globuli-kinder.htm"><div class="flex aspect-square max-h-[130px] w-full items-center justify-center"><img alt="DOSKAR Orignal Notfall-Globuli Kinder" data-analytics="item-image" loading="lazy" width="160" height="160" decoding="async" data-nimg="1" class="max-h-full w-auto max-w-full" srcset="https://cdn.shop-apotheke.com/images/256x0/A52/963/47/A5296347-p1.jpg 1x, https://cdn.shop-apotheke.com/images/320x0/A52/963/47/A5296347-p1.jpg 2x" src="https://cdn.shop-apotheke.com/images/320x0/A52/963/47/A5296347-p1.jpg" style="color: transparent;"></div><span class="absolute right-2.5 top-3.5 block aspect-square w-12 rounded-full bg-light-tertiary text-center font-mono font-medium leading-[48px] text-dark-primary-max">−10%²</span></a><div class="flex flex-1 flex-col justify-between gap-1 px-2 py-2.5"><a data-analytics="item-title" data-qa-id="form-product-slider-A5296347-link-button" title="DOSKAR Orignal Notfall-Globuli Kinder" class="link link_brand line-clamp-3 overflow-hidden text-ellipsis font-medium text-dark-primary-max no-underline" href="/homoeopathie/A5296347/doskar-orignal-notfall-globuli-kinder.htm">DOSKAR Orignal Notfall-Globuli Kinder</a><div class="flex flex-col gap-1"><span class="line-clamp-2 min-h-[42px] text-dark-primary-max">10 g | Globuli</span><div class="flex min-h-[39px] flex-col"><span class="flex flex-col"><span class="min-h-[21px] whitespace-nowrap text-dark-primary-low line-through">€&nbsp;11,09¹</span><span class="whitespace-nowrap text-2xl font-bold leading-l text-dark-brand">€&nbsp;9,99</span></span><span class="min-h-[21px] text-s text-dark-primary-medium">€&nbsp;999,00 / kg</span></div></div></div></section></li><li class="cross-sell-horizontal-slider__item-wrapper" role="presentation"><section class="mb-2 flex flex-1 flex-col overflow-hidden rounded-2xl shadow-md" data-product-id="00084882"><a class="relative px-7 py-3.5 after:absolute after:inset-0 after:bg-gradient-radial after:from-transparent after:via-transparent after:to-[var(--background-light-primary-medium)] tablet:p-3.5" data-qa-id="form-product-slider-00084882-image-button" href="/homoeopathie/84882/wala-apis-belladonna-globuli-velati.htm"><div class="flex aspect-square max-h-[130px] w-full items-center justify-center"><img alt="WALA® Apis Belladonna Globuli velati" data-analytics="item-image" loading="lazy" width="160" height="160" decoding="async" data-nimg="1" class="max-h-full w-auto max-w-full" srcset="https://cdn.shop-apotheke.com/images/256x0/D00/084/882/D00084882-p1.jpg 1x, https://cdn.shop-apotheke.com/images/320x0/D00/084/882/D00084882-p1.jpg 2x" src="https://cdn.shop-apotheke.com/images/320x0/D00/084/882/D00084882-p1.jpg" style="color: transparent;"></div><span class="absolute right-2.5 top-3.5 block aspect-square w-12 rounded-full bg-light-tertiary text-center font-mono font-medium leading-[48px] text-dark-primary-max">−12%²</span></a><div class="flex flex-1 flex-col justify-between gap-1 px-2 py-2.5"><a data-analytics="item-title" data-qa-id="form-product-slider-00084882-link-button" title="WALA® Apis Belladonna Globuli velati" class="link link_brand line-clamp-3 overflow-hidden text-ellipsis font-medium text-dark-primary-max no-underline" href="/homoeopathie/84882/wala-apis-belladonna-globuli-velati.htm">WALA® Apis Belladonna Globuli velati</a><div class="flex flex-col gap-1"><span class="flex flex-col gap-0.5"><span class="flex"><a data-qa-id="product-rating" class="link link_brand flex" href="/homoeopathie/84882/wala-apis-belladonna-globuli-velati.htm#user-reviews-section"><span class="rating text-xl"><span class="rating__item -mx-0.5"><svg viewBox="0 0 24 24" xmlns="http://www.w3.org/2000/svg" width="1em" height="1em" fill="currentColor" class="rating__icon rating__icon_filled"><path d="M10.615 4.33c.512-1.232 2.258-1.232 2.77 0l1.173 2.82a1.5 1.5 0 0 0 1.265.919l3.044.244c1.33.106 1.869 1.766.856 2.634l-2.32 1.987a1.5 1.5 0 0 0-.483 1.487l.709 2.97c.31 1.298-1.103 2.324-2.241 1.628l-2.606-1.591a1.5 1.5 0 0 0-1.564 0l-2.606 1.591c-1.139.696-2.55-.33-2.24-1.628l.708-2.97a1.5 1.5 0 0 0-.484-1.487l-2.319-1.987c-1.013-.868-.474-2.528.856-2.634l3.044-.244a1.5 1.5 0 0 0 1.265-.92z"></path></svg></span><span class="rating__item -mx-0.5"><svg viewBox="0 0 24 24" xmlns="http://www.w3.org/2000/svg" width="1em" height="1em" fill="currentColor" class="rating__icon rating__icon_filled"><path d="M10.615 4.33c.512-1.232 2.258-1.232 2.77 0l1.173 2.82a1.5 1.5 0 0 0 1.265.919l3.044.244c1.33.106 1.869 1.766.856 2.634l-2.32 1.987a1.5 1.5 0 0 0-.483 1.487l.709 2.97c.31 1.298-1.103 2.324-2.241 1.628l-2.606-1.591a1.5 1.5 0 0 0-1.564 0l-2.606 1.591c-1.139.696-2.55-.33-2.24-1.628l.708-2.97a1.5 1.5 0 0 0-.484-1.487l-2.319-1.987c-1.013-.868-.474-2.528.856-2.634l3.044-.244a1.5 1.5 0 0 0 1.265-.92z"></path></svg></span><span class="rating__item -mx-0.5"><svg viewBox="0 0 24 24" xmlns="http://www.w3.org/2000/svg" width="1em" height="1em" fill="currentColor" class="rating__icon rating__icon_filled"><path d="M10.615 4.33c.512-1.232 2.258-1.232 2.77 0l1.173 2.82a1.5 1.5 0 0 0 1.265.919l3.044.244c1.33.106 1.869 1.766.856 2.634l-2.32 1.987a1.5 1.5 0 0 0-.483 1.487l.709 2.97c.31 1.298-1.103 2.324-2.241 1.628l-2.606-1.591a1.5 1.5 0 0 0-1.564 0l-2.606 1.591c-1.139.696-2.55-.33-2.24-1.628l.708-2.97a1.5 1.5 0 0 0-.484-1.487l-2.319-1.987c-1.013-.868-.474-2.528.856-2.634l3.044-.244a1.5 1.5 0 0 0 1.265-.92z"></path></svg></span><span class="rating__item -mx-0.5"><svg viewBox="0 0 24 24" xmlns="http://www.w3.org/2000/svg" width="1em" height="1em" fill="currentColor" class="rating__icon rating__icon_filled"><path d="M10.615 4.33c.512-1.232 2.258-1.232 2.77 0l1.173 2.82a1.5 1.5 0 0 0 1.265.919l3.044.244c1.33.106 1.869 1.766.856 2.634l-2.32 1.987a1.5 1.5 0 0 0-.483 1.487l.709 2.97c.31 1.298-1.103 2.324-2.241 1.628l-2.606-1.591a1.5 1.5 0 0 0-1.564 0l-2.606 1.591c-1.139.696-2.55-.33-2.24-1.628l.708-2.97a1.5 1.5 0 0 0-.484-1.487l-2.319-1.987c-1.013-.868-.474-2.528.856-2.634l3.044-.244a1.5 1.5 0 0 0 1.265-.92z"></path></svg></span><span class="rating__item -mx-0.5"><svg viewBox="0 0 24 24" xmlns="http://www.w3.org/2000/svg" width="1em" height="1em" fill="currentColor" class="rating__icon rating__icon_filled"><path d="M10.615 4.33c.512-1.232 2.258-1.232 2.77 0l1.173 2.82a1.5 1.5 0 0 0 1.265.919l3.044.244c1.33.106 1.869 1.766.856 2.634l-2.32 1.987a1.5 1.5 0 0 0-.483 1.487l.709 2.97c.31 1.298-1.103 2.324-2.241 1.628l-2.606-1.591a1.5 1.5 0 0 0-1.564 0l-2.606 1.591c-1.139.696-2.55-.33-2.24-1.628l.708-2.97a1.5 1.5 0 0 0-.484-1.487l-2.319-1.987c-1.013-.868-.474-2.528.856-2.634l3.044-.244a1.5 1.5 0 0 0 1.265-.92z"></path></svg></span></span></a><sup class="top-1">27</sup></span><a data-qa-id="product-rating" class="link link_brand leading-l text-dark-primary-max" href="/homoeopathie/84882/wala-apis-belladonna-globuli-velati.htm#user-reviews-section">(6)</a></span><span class="line-clamp-2 min-h-[42px] text-dark-primary-max">20 g | Globuli</span><div class="flex min-h-[39px] flex-col"><span class="flex flex-col"><span class="min-h-[21px] whitespace-nowrap text-dark-primary-low line-through">€&nbsp;12,32¹</span><span class="whitespace-nowrap text-2xl font-bold leading-l text-dark-brand">€&nbsp;10,89</span></span><span class="min-h-[21px] text-s text-dark-primary-medium">€&nbsp;544,50 / kg</span></div></div></div></section></li><li class="cross-sell-horizontal-slider__item-wrapper" role="presentation"><section class="mb-2 flex flex-1 flex-col overflow-hidden rounded-2xl shadow-md" data-product-id="01447861"><a class="relative px-7 py-3.5 after:absolute after:inset-0 after:bg-gradient-radial after:from-transparent after:via-transparent after:to-[var(--background-light-primary-medium)] tablet:p-3.5" data-qa-id="form-product-slider-01447861-image-button" href="/homoeopathie/1447861/wala-agropyron-globuli-velati.htm"><div class="flex aspect-square max-h-[130px] w-full items-center justify-center"><img alt="WALA® Agropyron Globuli Velati" data-analytics="item-image" loading="lazy" width="160" height="160" decoding="async" data-nimg="1" class="max-h-full w-auto max-w-full" srcset="https://cdn.shop-apotheke.com/images/256x0/D01/447/861/D01447861-p1.jpg 1x, https://cdn.shop-apotheke.com/images/320x0/D01/447/861/D01447861-p1.jpg 2x" src="https://cdn.shop-apotheke.com/images/320x0/D01/447/861/D01447861-p1.jpg" style="color: transparent;"></div><span class="absolute right-2.5 top-3.5 block aspect-square w-12 rounded-full bg-light-tertiary text-center font-mono font-medium leading-[48px] text-dark-primary-max">−19%²</span></a><div class="flex flex-1 flex-col justify-between gap-1 px-2 py-2.5"><a data-analytics="item-title" data-qa-id="form-product-slider-01447861-link-button" title="WALA® Agropyron Globuli Velati" class="link link_brand line-clamp-3 overflow-hidden text-ellipsis font-medium text-dark-primary-max no-underline" href="/homoeopathie/1447861/wala-agropyron-globuli-velati.htm">WALA® Agropyron Globuli Velati</a><div class="flex flex-col gap-1"><span class="flex flex-col gap-0.5"><span class="flex"><a data-qa-id="product-rating" class="link link_brand flex" href="/homoeopathie/1447861/wala-agropyron-globuli-velati.htm#user-reviews-section"><span class="rating text-xl"><span class="rating__item -mx-0.5"><svg viewBox="0 0 24 24" xmlns="http://www.w3.org/2000/svg" width="1em" height="1em" fill="currentColor" class="rating__icon rating__icon_filled"><path d="M10.615 4.33c.512-1.232 2.258-1.232 2.77 0l1.173 2.82a1.5 1.5 0 0 0 1.265.919l3.044.244c1.33.106 1.869 1.766.856 2.634l-2.32 1.987a1.5 1.5 0 0 0-.483 1.487l.709 2.97c.31 1.298-1.103 2.324-2.241 1.628l-2.606-1.591a1.5 1.5 0 0 0-1.564 0l-2.606 1.591c-1.139.696-2.55-.33-2.24-1.628l.708-2.97a1.5 1.5 0 0 0-.484-1.487l-2.319-1.987c-1.013-.868-.474-2.528.856-2.634l3.044-.244a1.5 1.5 0 0 0 1.265-.92z"></path></svg></span><span class="rating__item -mx-0.5"><svg viewBox="0 0 24 24" xmlns="http://www.w3.org/2000/svg" width="1em" height="1em" fill="currentColor" class="rating__icon rating__icon_filled"><path d="M10.615 4.33c.512-1.232 2.258-1.232 2.77 0l1.173 2.82a1.5 1.5 0 0 0 1.265.919l3.044.244c1.33.106 1.869 1.766.856 2.634l-2.32 1.987a1.5 1.5 0 0 0-.483 1.487l.709 2.97c.31 1.298-1.103 2.324-2.241 1.628l-2.606-1.591a1.5 1.5 0 0 0-1.564 0l-2.606 1.591c-1.139.696-2.55-.33-2.24-1.628l.708-2.97a1.5 1.5 0 0 0-.484-1.487l-2.319-1.987c-1.013-.868-.474-2.528.856-2.634l3.044-.244a1.5 1.5 0 0 0 1.265-.92z"></path></svg></span><span class="rating__item -mx-0.5"><svg viewBox="0 0 24 24" xmlns="http://www.w3.org/2000/svg" width="1em" height="1em" fill="currentColor" class="rating__icon rating__icon_filled"><path d="M10.615 4.33c.512-1.232 2.258-1.232 2.77 0l1.173 2.82a1.5 1.5 0 0 0 1.265.919l3.044.244c1.33.106 1.869 1.766.856 2.634l-2.32 1.987a1.5 1.5 0 0 0-.483 1.487l.709 2.97c.31 1.298-1.103 2.324-2.241 1.628l-2.606-1.591a1.5 1.5 0 0 0-1.564 0l-2.606 1.591c-1.139.696-2.55-.33-2.24-1.628l.708-2.97a1.5 1.5 0 0 0-.484-1.487l-2.319-1.987c-1.013-.868-.474-2.528.856-2.634l3.044-.244a1.5 1.5 0 0 0 1.265-.92z"></path></svg></span><span class="rating__item -mx-0.5"><svg viewBox="0 0 24 24" xmlns="http://www.w3.org/2000/svg" width="1em" height="1em" fill="currentColor" class="rating__icon rating__icon_filled"><path d="M10.615 4.33c.512-1.232 2.258-1.232 2.77 0l1.173 2.82a1.5 1.5 0 0 0 1.265.919l3.044.244c1.33.106 1.869 1.766.856 2.634l-2.32 1.987a1.5 1.5 0 0 0-.483 1.487l.709 2.97c.31 1.298-1.103 2.324-2.241 1.628l-2.606-1.591a1.5 1.5 0 0 0-1.564 0l-2.606 1.591c-1.139.696-2.55-.33-2.24-1.628l.708-2.97a1.5 1.5 0 0 0-.484-1.487l-2.319-1.987c-1.013-.868-.474-2.528.856-2.634l3.044-.244a1.5 1.5 0 0 0 1.265-.92z"></path></svg></span><span class="rating__item -mx-0.5"><svg viewBox="0 0 24 24" xmlns="http://www.w3.org/2000/svg" width="1em" height="1em" fill="currentColor" class="rating__icon rating__icon_filled"><path d="M10.615 4.33c.512-1.232 2.258-1.232 2.77 0l1.173 2.82a1.5 1.5 0 0 0 1.265.919l3.044.244c1.33.106 1.869 1.766.856 2.634l-2.32 1.987a1.5 1.5 0 0 0-.483 1.487l.709 2.97c.31 1.298-1.103 2.324-2.241 1.628l-2.606-1.591a1.5 1.5 0 0 0-1.564 0l-2.606 1.591c-1.139.696-2.55-.33-2.24-1.628l.708-2.97a1.5 1.5 0 0 0-.484-1.487l-2.319-1.987c-1.013-.868-.474-2.528.856-2.634l3.044-.244a1.5 1.5 0 0 0 1.265-.92z"></path></svg></span></span></a><sup class="top-1">27</sup></span><a data-qa-id="product-rating" class="link link_brand leading-l text-dark-primary-max" href="/homoeopathie/1447861/wala-agropyron-globuli-velati.htm#user-reviews-section">(19)</a></span><span class="line-clamp-2 min-h-[42px] text-dark-primary-max">20 g | Globuli</span><div class="flex min-h-[39px] flex-col"><span class="flex flex-col"><span class="min-h-[21px] whitespace-nowrap text-dark-primary-low line-through">€&nbsp;12,32¹</span><span class="whitespace-nowrap text-2xl font-bold leading-l text-dark-brand">€&nbsp;9,99</span></span><span class="min-h-[21px] text-s text-dark-primary-medium">€&nbsp;499,50 / kg</span></div></div></div></section></li></ul><button class="slider-button cross-sell-horizontal-slider__navigation-button left-0 hidden tablet:inline-flex" hidden="" type="button" aria-label="previous"><svg viewBox="0 0 24 24" xmlns="http://www.w3.org/2000/svg" width="1em" height="1em" fill="currentColor" class="slider-button__icon"><path fill-rule="evenodd" d="M14.453 5.293a1 1 0 0 1 0 1.414L9.16 12l5.293 5.293a1 1 0 0 1-1.414 1.414l-5.293-5.293a2 2 0 0 1 0-2.828l5.293-5.293a1 1 0 0 1 1.414 0" clip-rule="evenodd"></path></svg></button><button class="slider-button cross-sell-horizontal-slider__navigation-button right-0 hidden tablet:inline-flex" type="button" aria-label="next"><svg viewBox="0 0 24 24" xmlns="http://www.w3.org/2000/svg" width="1em" height="1em" fill="currentColor" class="slider-button__icon"><path fill-rule="evenodd" d="M9.543 18.707a1 1 0 0 1 0-1.414L14.836 12 9.543 6.707a1 1 0 0 1 1.414-1.414l5.293 5.293a2 2 0 0 1 0 2.828l-5.293 5.293a1 1 0 0 1-1.414 0" clip-rule="evenodd"></path></svg></button></div></div><div data-auto-load="true" data-as-flight-id="618995229" data-as-height="200" data-as-tags="pds-b1" data-as-width="480" class="as-placeholder rounded-2xl" data-as-status="ready"><div data-as-container="" style="width: 480px; height: 200px;"><iframe sandbox="allow-top-navigation-by-user-activation allow-scripts allow-popups" src="data:text/html;charset=utf-8,%3C!DOCTYPE%20html%3E%3Chtml%20lang%3D%22de%22%3E%3Chead%3E%0A%20%20%3Cmeta%20charset%3D%22utf-8%22%3E%0A%20%20%3Cmeta%20name%3D%22viewport%22%20content%3D%22width%3Ddevice-width%2C%20initial-scale%3D1.0%2C%20user-scalable%3Dno%22%3E%0A%20%20%3Cmeta%20http-equiv%3D%22X-UA-Compatible%22%20content%3D%22IE%3Dedge%22%3E%0A%20%20%3Ctitle%3EShopapotheke%3C%2Ftitle%3E%0A%0A%20%20%3Cstyle%20type%3D%22text%2Fcss%22%3E%0A%20%20%20%20%40font-face%20%7B%0A%20%20%20%20%20%20font-family%3A%20%22AvenirNextLTPro-Demi%22%3B%0A%20%20%20%20%20%20src%3A%20url('https%3A%2F%2Fc.sa-tech.de%2Fmedia%2Ffonts%2Favenirnextw-demi.eot%3F%23iefix')%20format('embedded-opentype')%2C%0A%20%20%20%20%20%20%20%20url('https%3A%2F%2Fc.sa-tech.de%2Fmedia%2Ffonts%2Favenirnextw-demi.woff')%20format('woff')%2C%0A%20%20%20%20%20%20%20%20url('https%3A%2F%2Fc.sa-tech.de%2Fmedia%2Ffonts%2Favenirnextw-demi.ttf')%20format('truetype')%3B%0A%20%20%20%20%20%20font-display%3A%20swap%3B%0A%20%20%20%20%7D%0A%0A%20%20%20%20%40font-face%20%7B%0A%20%20%20%20%20%20font-family%3A%20%22AvenirNextLTPro-Regular%22%3B%0A%20%20%20%20%20%20src%3A%20url('https%3A%2F%2Fc.sa-tech.de%2Fmedia%2Ffonts%2Favenirnextw-regular.eot%3F%23iefix')%20format('embedded-opentype')%2C%0A%20%20%20%20%20%20%20%20url('https%3A%2F%2Fc.sa-tech.de%2Fmedia%2Ffonts%2Favenirnextw-regular.woff')%20format('woff')%2C%0A%20%20%20%20%20%20%20%20url('https%3A%2F%2Fc.sa-tech.de%2Fmedia%2Ffonts%2Favenirnextw-regular.ttf')%20format('truetype')%3B%0A%20%20%20%20%20%20font-display%3A%20swap%3B%0A%20%20%20%20%7D%0A%0A%20%20%20%20%40font-face%20%7B%0A%20%20%20%20%20%20font-family%3A%20%22AvenirNextLTPro-Medium%22%3B%0A%20%20%20%20%20%20src%3A%20url('https%3A%2F%2Fc.sa-tech.de%2Fmedia%2Ffonts%2Favenirnextltw-medium.eot%3F%23iefix')%20format('embedded-opentype')%2C%0A%20%20%20%20%20%20%20%20url('https%3A%2F%2Fc.sa-tech.de%2Fmedia%2Ffonts%2Favenirnextltw-medium.woff')%20format('woff')%2C%0A%20%20%20%20%20%20%20%20url('https%3A%2F%2Fc.sa-tech.de%2Fmedia%2Ffonts%2Favenirnextltw-medium.ttf')%20format('truetype')%3B%0A%20%20%20%20%20%20font-display%3A%20swap%3B%0A%20%20%20%20%7D%0A%0A%20%20%20%20%40font-face%20%7B%0A%20%20%20%20%20%20font-family%3A%20%22RedcareAccessible-Black%22%3B%0A%20%20%20%20%20%20src%3A%20url('https%3A%2F%2Fc.sa-tech.de%2Fmedia%2Ffonts%2FRedcareAccessible-Black.woff2')%20format('woff2')%2C%0A%20%20%20%20%20%20%20%20url('https%3A%2F%2Fc.sa-tech.de%2Fmedia%2Ffonts%2FRedcareAccessible-Black.woff')%20format('woff')%3B%0A%20%20%20%20%7D%0A%0A%20%20%20%20%40font-face%20%7B%0A%20%20%20%20%20%20font-family%3A%20%22RedcareAccessible-BlackItalic%22%3B%0A%20%20%20%20%20%20src%3A%20url('https%3A%2F%2Fc.sa-tech.de%2Fmedia%2Ffonts%2FRedcareAccessible-BlackItalic.woff2')%20format('woff2')%2C%0A%20%20%20%20%20%20%20%20url('https%3A%2F%2Fc.sa-tech.de%2Fmedia%2Ffonts%2FRedcareAccessible-BlackItalic.woff')%20format('woff')%3B%0A%20%20%20%20%7D%0A%0A%20%20%20%20%40font-face%20%7B%0A%20%20%20%20%20%20font-family%3A%20%22RedcareAccessible-Bold%22%3B%0A%20%20%20%20%20%20src%3A%20url('https%3A%2F%2Fc.sa-tech.de%2Fmedia%2Ffonts%2FRedcareAccessible-Bold.woff2')%20format('woff2')%2C%0A%20%20%20%20%20%20%20%20url('https%3A%2F%2Fc.sa-tech.de%2Fmedia%2Ffonts%2FRedcareAccessible-Bold.woff')%20format('woff')%3B%0A%20%20%20%20%7D%0A%0A%20%20%20%20%40font-face%20%7B%0A%20%20%20%20%20%20font-family%3A%20%22RedcareAccessible-BoldItalic%22%3B%0A%20%20%20%20%20%20src%3A%20url('https%3A%2F%2Fc.sa-tech.de%2Fmedia%2Ffonts%2FRedcareAccessible-BoldItalic.woff2')%20format('woff2')%2C%0A%20%20%20%20%20%20%20%20url('https%3A%2F%2Fc.sa-tech.de%2Fmedia%2Ffonts%2FRedcareAccessible-BoldItalic.woff')%20format('woff')%3B%0A%20%20%20%20%7D%0A%0A%20%20%20%20%40font-face%20%7B%0A%20%20%20%20%20%20font-family%3A%20%22RedcareAccessible-Highlight%22%3B%0A%20%20%20%20%20%20src%3A%20url('https%3A%2F%2Fc.sa-tech.de%2Fmedia%2Ffonts%2FRedcareAccessible-Highlight.woff2')%20format('woff2')%2C%0A%20%20%20%20%20%20%20%20url('https%3A%2F%2Fc.sa-tech.de%2Fmedia%2Ffonts%2FRedcareAccessible-Highlight.woff')%20format('woff')%3B%0A%20%20%20%20%7D%0A%0A%20%20%20%20%40font-face%20%7B%0A%20%20%20%20%20%20font-family%3A%20%22RedcareAccessible-Medium%22%3B%0A%20%20%20%20%20%20src%3A%20url('https%3A%2F%2Fc.sa-tech.de%2Fmedia%2Ffonts%2FRedcareAccessible-Medium.woff2')%20format('woff2')%2C%0A%20%20%20%20%20%20%20%20url('https%3A%2F%2Fc.sa-tech.de%2Fmedia%2Ffonts%2FRedcareAccessible-Medium.woff')%20format('woff')%3B%0A%20%20%20%20%7D%0A%0A%20%20%20%20%40font-face%20%7B%0A%20%20%20%20%20%20font-family%3A%20%22RedcareAccessible-MediumItalic%22%3B%0A%20%20%20%20%20%20src%3A%20url('https%3A%2F%2Fc.sa-tech.de%2Fmedia%2Ffonts%2FRedcareAccessible-MediumItalic.woff2')%20format('woff2')%2C%0A%20%20%20%20%20%20%20%20url('https%3A%2F%2Fc.sa-tech.de%2Fmedia%2Ffonts%2FRedcareAccessible-MediumItalic.woff')%20format('woff')%3B%0A%20%20%20%20%7D%0A%0A%20%20%20%20%40font-face%20%7B%0A%20%20%20%20%20%20font-family%3A%20%22RedcareAccessible-Mono%22%3B%0A%20%20%20%20%20%20src%3A%20url('https%3A%2F%2Fc.sa-tech.de%2Fmedia%2Ffonts%2FRedcareAccessible-Mono.woff2')%20format('woff2')%2C%0A%20%20%20%20%20%20%20%20url('https%3A%2F%2Fc.sa-tech.de%2Fmedia%2Ffonts%2FRedcareAccessible-Mono.woff')%20format('woff')%3B%0A%20%20%20%20%7D%0A%0A%20%20%20%20%40font-face%20%7B%0A%20%20%20%20%20%20font-family%3A%20%22RedcareAccessible-Regular%22%3B%0A%20%20%20%20%20%20src%3A%20url('https%3A%2F%2Fc.sa-tech.de%2Fmedia%2Ffonts%2FRedcareAccessible-Regular.woff2')%20format('woff2')%2C%0A%20%20%20%20%20%20%20%20url('https%3A%2F%2Fc.sa-tech.de%2Fmedia%2Ffonts%2FRedcareAccessible-Regular.woff')%20format('woff')%3B%0A%20%20%20%20%7D%0A%0A%20%20%20%20%40font-face%20%7B%0A%20%20%20%20%20%20font-family%3A%20%22RedcareAccessible-RegularItalic%22%3B%0A%20%20%20%20%20%20src%3A%20url('https%3A%2F%2Fc.sa-tech.de%2Fmedia%2Ffonts%2FRedcareAccessible-RegularItalic.woff2')%20format('woff2')%2C%0A%20%20%20%20%20%20%20%20url('https%3A%2F%2Fc.sa-tech.de%2Fmedia%2Ffonts%2FRedcareAccessible-RegularItalic.woff')%20format('woff')%3B%0A%20%20%20%20%7D%0A%0A%20%20%20%20*%20%7B%0A%20%20%20%20%20%20margin%3A%200%3B%0A%20%20%20%20%20%20padding%3A%200%3B%0A%20%20%20%20%7D%0A%0A%20%20%20%20html%2C%0A%20%20%20%20body%20%7B%0A%20%20%20%20%20%20width%3A%20100%25%3B%0A%20%20%20%20%20%20height%3A%20100%25%3B%0A%20%20%20%20%20%20overflow%3A%20hidden%3B%0A%20%20%20%20%20%20font-weight%3A%20normal%3B%0A%20%20%20%20%20%20font-size%3A%2013px%3B%0A%20%20%20%20%7D%0A%20%20%3C%2Fstyle%3E%0A%0A%3C%2Fhead%3E%0A%0A%3Cbody%3E%0A%20%20%0A%0A%20%20%3Ca%20id%3D%22click-area%22%20href%3D%22https%3A%2F%2Fretail-api.sa-tech.de%2Fapi%2Fv1%2Fe%2Fr%3Fj%3D0eJztVtuO2zYQ%252FRc%252BewGJumTtN8W0ZSoiubJuJouisCSvl7RlO5U3FFX03ws6adAfKAoU%252BzgznMPR4ZkD%252FQEOYAEOJoFYXSXJ%252FZFIPOB%252BbWNDiqPDUAbTZfLWLXFIUTmSXEt%252BySRT0YB7esfq6pCCuwwRSKbM5q5YXV2GIpcsteRwkOxyn6fLRLXSYnCHTHgkUzamy%252BS0z3GIFR%252B5OktSlD4vujNDWUD7MqBQnChaQRGvJa9LjxeZh6WWIr7%252BuP98e8zdl5AXZ8VqPIoeexSVPkXHiavWE0VmaF9qWoieFa20dzY5DonRUvREMsUnVmCXIGKoxe61zY0MnQJaYMNyLfe7SDKJJ5r7hiL%252BTgoepGoF2dJydffsDO3m9s7UShOUOURlOt1Uel9nISkiTVFmKIoGsXvTvLid9rvkzL1s6OLqndeBw3r6rcnHO68DV%252FRr1W0qI3aJauD2zPqVJhM3VEVDG68vYrcN2rgM203yTWwq1S1HxXdZyD16Iqj1iIoGDtcWcxIo0gyVJo3pW4duqoWZJiiCJP9nD%252FYsdhOv34VXvQlYhiIuh%252FZyDEW%252FHlpYDk08vwhYnfa1%252FzPHYaLZZWu6urScvncG228NCDoO%252BPJZWV3QXMvGiyRTmZsuk3v7XUMD7itb1%252BkyuTzeYqmlsBz3gdvE2vabh%252F4mDukDL3FsnC4T0xoc0iKyvRN%252FaKfUVhMtxJLJ5JYWn88ECinUVomC%252BKxoHXv%252BceYxC7HvY%252FU64Au1uCMpWp8i4qfLxN0bHOJLdSa524s6C7g6%252BiImIylKhxVrxVA50olMrN6eybTyaY8NyfGAL9vJYtkaUdgh0woSVNrdkULisNskrsi1bGPfaml86NjDkvXirdnQs%252BWCG%252FyTX9x3CKtbz%252Btxsn0CnuQPvm1temiur77jxFbHKztDaPNVtUU23%252B0enFy7zVa30%252FVb6nVeZ4JpH891Wq91422vor6f04f%252B5pOo14bD4%252Ft%252Bs72%252FQDwnuRi7ujKHwhkZWo1kWrnElCYzw9%252BxQ00yBzMwgAXw71UWX3Wph8Px8HT7PYyn%252Bq6j4mUdgRloP5zmw2k%252BnOZfcxrvv3QasbN7Wgavmd10CRa%252BGwbPXuj5M9D%252BDhZ%252B6HvQ9Xx3BlprFb9B7p58wqD44teErtqvly%252F3ry%252FSD5%252FBDLxKsAjd5%252Fk8gHA%252BA7IFC9C14ev%252BkwOfQrd5ffL9%252BeGpafzmKWzcJjx8cj41gQNm4HYHi1%252FArRueGhf8OgPDh%252Bt8uM6H6%252FyfXYc%252B%252Fj%252BsqzxjVMqXi1TX1S548cfhtO9Xr%252B4YvRzBn38BmPdYsQ%253D%253D%26ts%3Drofkvhzc%255Ekvky%22%20target%3D%22_top%22%20rel%3D%22nofollow%20noopener%22%3E%0A%20%20%20%20%3Cdiv%20id%3D%22main-cont%22%3E%3Cstyle%20type%3D%22text%2Fcss%22%3E%20%23element-64b8ff21d8e74603b2e80ec466e20c309f7eb80454a2a5c6%7Bfont-family%3A%20'AvenirNextLTPro-Regular'%3B%20%20color%3A%20%23ffffff%3B%20width%3A%20480px%3B%20height%3A%20200px%3B%20text-align%3A%20center%3B%20font-size%3A%2014px%3B%20font-weight%3A%20normal%3B%20padding%3A%200%200%200%200%3B%20top%3A0px%3B%20bottom%3Aauto%3B%20left%3A0px%3B%20right%3Aauto%3B%20z-index%3A%202%3B%20line-height%3A%201em%3B%20cursor%3A%20pointer%3B%20position%3A%20absolute%3B%20margin%3A0%3B%20box-sizing%3A%20border-box%3B%20background-color%3A%23ffeee8%3B%0A%0A%2F*background-color%3A%23ffc7b1%3B*%2F%0A%2F*background-color%3A%23d3cfff%3B*%2F%7D%20%23element-64b8ff21d8e74603b2e80ec466e20c309f7eb80454a2a5c6%3Ahover%7B%7D%3C%2Fstyle%3E%3Cdiv%20class%3D%22generatedElement%22%20id%3D%22element-64b8ff21d8e74603b2e80ec466e20c309f7eb80454a2a5c6%22%3E%3C%2Fdiv%3E%3Cstyle%20type%3D%22text%2Fcss%22%3E%20%23element-64b900e8d8e74603b2e80ed166e20c309f7eb80454a2a5c6%7Bfont-family%3A%20'AvenirNextLTPro-Regular'%3B%20%20color%3A%20%23ffffff%3B%20width%3A%20154px%3B%20height%3A%2030px%3B%20text-align%3A%20center%3B%20font-size%3A%2014px%3B%20font-weight%3A%20normal%3B%20padding%3A%200.4em%201.3em%200.4em%201.3em%3B%20top%3A124.843px%3B%20bottom%3Aauto%3B%20left%3A278.345px%3B%20right%3Aauto%3B%20z-index%3A%2012%3B%20line-height%3A%201em%3B%20cursor%3A%20pointer%3B%20position%3A%20absolute%3B%20margin%3A0%3B%20box-sizing%3A%20border-box%3B%20background-color%3A%23ed0334%3B%0Aborder-radius%3A50px%3B%0Aborder%3A%202px%20solid%20%23ed0334%3B%0Atransition%3A%200.3s%3B%0Amin-height%3A%2030px%3B%0A%0A%7D%20%23element-64b900e8d8e74603b2e80ed166e20c309f7eb80454a2a5c6%3Ahover%7Bbackground-color%3A%20transparent%3B%0Aborder%3A%202px%20solid%20%23ed0334%3B%0Acolor%3A%20%23ed0334%3B%0A%0A%0A%7D%3C%2Fstyle%3E%3Cdiv%20class%3D%22generatedElement%22%20id%3D%22element-64b900e8d8e74603b2e80ed166e20c309f7eb80454a2a5c6%22%3EJetzt%20bestellen%3C%2Fdiv%3E%3Cstyle%20type%3D%22text%2Fcss%22%3E%40keyframes%20clickAnimation%7B%0A%20%200%25%20%20%20%7Btransform%3A%20scale(1%2C1)%7D%0A%20%2030%25%20%20%7Btransform%3A%20scale(.95%2C.95)%7D%0A%20%2040%25%20%20%7Btransform%3A%20scale(.95%2C.95)%7D%0A%20%20100%25%20%7Btransform%3A%20scale(1%2C1)%7D%0A%7D%20%23element-64b92092d8e74603b2e80ee566e20c309f7eb80454a2a5c6%7Bfont-family%3A%20'RedcareAccessible-Mono'%3B%20%20color%3A%20%232b140e%3B%20width%3A%2071px%3B%20height%3A%2071px%3B%20text-align%3A%20center%3B%20font-size%3A%2020px%3B%20font-weight%3A%20normal%3B%20padding%3A%200%200%200%200%3B%20top%3A-135.233px%3B%20bottom%3Aauto%3B%20left%3A705.117px%3B%20right%3Aauto%3B%20z-index%3A%2016%3B%20line-height%3A%201.2em%3B%20cursor%3A%20pointer%3B%20position%3A%20absolute%3B%20margin%3A0%3B%20box-sizing%3A%20border-box%3B%20background-color%3A%23ffe45c%3B%20%20%20%0Aborder-radius%3A%20100px%3B%20%0Adisplay%3A%20flex%3B%0Aalign-items%3A%20center%3B%0Ajustify-content%3A%20center%3B%0Atext-align%3A%20center%3B%0A%0Atransition%3A%20.5s%3B%0Aanimation-name%3A%20clickAnimation%3B%0Aanimation-duration%3A%20.9s%3B%0Aanimation-delay%3A%200.1s%3B%0Aanimation-iteration-count%3A%20infinite%3B%7D%20%23element-64b92092d8e74603b2e80ee566e20c309f7eb80454a2a5c6%3Ahover%7B%7D%3C%2Fstyle%3E%3Cdiv%20class%3D%22generatedElement%22%20id%3D%22element-64b92092d8e74603b2e80ee566e20c309f7eb80454a2a5c6%22%3ENEU%3C%2Fdiv%3E%3Cstyle%20type%3D%22text%2Fcss%22%3E%20%23element-64b9218ad8e74603b2e80ee666e20c309f7eb80454a2a5c6%7Bfont-family%3A%20'RedcareAccessible-Medium'%3B%20%20color%3A%20%232b140e%3B%20width%3A%2073px%3B%20height%3A%2029px%3B%20text-align%3A%20center%3B%20font-size%3A%2016px%3B%20font-weight%3A%20normal%3B%20padding%3A%200.4em%201.3em%200.4em%201.3em%3B%20top%3A-22px%3B%20bottom%3Aauto%3B%20left%3A738px%3B%20right%3Aauto%3B%20z-index%3A%2017%3B%20line-height%3A%201em%3B%20cursor%3A%20pointer%3B%20position%3A%20absolute%3B%20margin%3A0%3B%20box-sizing%3A%20border-box%3B%20background-color%3A%23d3cfff%3B%0Adisplay%3A%20flex%3B%0Aalign-items%3A%20center%3B%0Ajustify-content%3A%20center%3B%0Atext-align%3A%20center%3B%0Aborder-radius%3A7px%3B%7D%20%23element-64b9218ad8e74603b2e80ee666e20c309f7eb80454a2a5c6%3Ahover%7B%7D%3C%2Fstyle%3E%3Cdiv%20class%3D%22generatedElement%22%20id%3D%22element-64b9218ad8e74603b2e80ee666e20c309f7eb80454a2a5c6%22%3ENEU%3C%2Fdiv%3E%3Cstyle%20type%3D%22text%2Fcss%22%3E%20%23element-64b924ddd8e74603b2e80eec66e20c309f7eb80454a2a5c6%7Bfont-family%3A%20'RedcareAccessible-MediumItalic'%3B%20%20color%3A%20%232b140e%3B%20width%3A%20111px%3B%20height%3A%2026px%3B%20text-align%3A%20center%3B%20font-size%3A%2018px%3B%20font-weight%3A%20normal%3B%20padding%3A%200.4em%201.3em%200.4em%201.3em%3B%20top%3A-79px%3B%20bottom%3Aauto%3B%20left%3A943px%3B%20right%3Aauto%3B%20z-index%3A%208%3B%20line-height%3A%201em%3B%20cursor%3A%20pointer%3B%20position%3A%20absolute%3B%20margin%3A0%3B%20box-sizing%3A%20border-box%3B%20letter-spacing%3A%200.2em%3B%0Abackground-color%3A%23ffe45c%3B%0Aborder-radius%3A7px%3B%0Adisplay%3A%20flex%3B%0Aalign-items%3A%20center%3B%0Ajustify-content%3A%20center%3B%0Atext-align%3A%20center%3B%7D%20%23element-64b924ddd8e74603b2e80eec66e20c309f7eb80454a2a5c6%3Ahover%7B%7D%3C%2Fstyle%3E%3Cdiv%20class%3D%22generatedElement%22%20id%3D%22element-64b924ddd8e74603b2e80eec66e20c309f7eb80454a2a5c6%22%3ECode23%3C%2Fdiv%3E%3Cstyle%20type%3D%22text%2Fcss%22%3E%20%23element-64b9255fd8e74603b2e80eed66e20c309f7eb80454a2a5c6%7Bfont-family%3A%20'AvenirNextLTPro-Regular'%3B%20%20color%3A%20%23ffffff%3B%20width%3A%20237px%3B%20height%3A%20200px%3B%20text-align%3A%20center%3B%20font-size%3A%2014px%3B%20font-weight%3A%20normal%3B%20padding%3A%200%200%200%200%3B%20top%3A0px%3B%20bottom%3Aauto%3B%20left%3A-8px%3B%20right%3Aauto%3B%20z-index%3A%209%3B%20line-height%3A%201em%3B%20cursor%3A%20pointer%3B%20position%3A%20absolute%3B%20margin%3A0%3B%20box-sizing%3A%20border-box%3B%20%2F*background-color%3A%23ffc7b1%3B*%2F%0A%2F*background-color%3A%23ffeee8%3B*%2F%0Abackground-color%3A%23d3cfff%3B%0Aborder-radius%3A%200px%2020px%2020px%200px%3B%7D%20%23element-64b9255fd8e74603b2e80eed66e20c309f7eb80454a2a5c6%3Ahover%7B%7D%3C%2Fstyle%3E%3Cdiv%20class%3D%22generatedElement%22%20id%3D%22element-64b9255fd8e74603b2e80eed66e20c309f7eb80454a2a5c6%22%3E%3C%2Fdiv%3E%3Cstyle%20type%3D%22text%2Fcss%22%3E%20%23element-64b952c0d8e74603b2e80f0766e20c309f7eb80454a2a5c6%7Bfont-family%3A%20'RedcareAccessible-Regular'%3B%20%20color%3A%20%232b140e%3B%20width%3A%20167px%3B%20height%3A%2012px%3B%20text-align%3A%20left%3B%20font-size%3A%2012px%3B%20font-weight%3A%20normal%3B%20padding%3A%200%200%200%200%3B%20top%3A54px%3B%20bottom%3Aauto%3B%20left%3A749px%3B%20right%3Aauto%3B%20z-index%3A%2020%3B%20line-height%3A%201.2em%3B%20cursor%3A%20pointer%3B%20position%3A%20absolute%3B%20margin%3A0%3B%20box-sizing%3A%20border-box%3B%20%7D%20%23element-64b952c0d8e74603b2e80f0766e20c309f7eb80454a2a5c6%3Ahover%7B%7D%3C%2Fstyle%3E%3Cdiv%20class%3D%22generatedElement%22%20id%3D%22element-64b952c0d8e74603b2e80f0766e20c309f7eb80454a2a5c6%22%3E*Platzhalter%20f%26%23xFC%3Br%20Sternchentext%3C%2Fdiv%3E%3Cstyle%20type%3D%22text%2Fcss%22%3E%20%23element-64b90489d8e74603b2e80ed466e20c309f7eb80454a2a5c6%7Bfont-family%3A%20'AvenirNextLTPro-Regular'%3B%20background-image%3A%20url('https%3A%2F%2Fc.sa-tech.de%2Fbanner%2F8be25bf06116b2742c6b67ebb6c4c72f6c95dafd.png')%3B%20background-repeat%3A%20no-repeat%3B%20%20background-size%3A%20contain%3B%20background-position%3A%20center%20center%3B%20color%3A%20%23ffffff%3B%20width%3A%20185px%3B%20height%3A%20185px%3B%20text-align%3A%20center%3B%20font-size%3A%2014px%3B%20font-weight%3A%20normal%3B%20padding%3A%200%200%200%200%3B%20top%3A7px%3B%20bottom%3Aauto%3B%20left%3A21px%3B%20right%3Aauto%3B%20z-index%3A%2010%3B%20line-height%3A%20auto%3B%20cursor%3A%20pointer%3B%20position%3A%20absolute%3B%20margin%3A0%3B%20box-sizing%3A%20border-box%3B%20%7D%20%23element-64b90489d8e74603b2e80ed466e20c309f7eb80454a2a5c6%3Ahover%7B%7D%3C%2Fstyle%3E%3Cdiv%20class%3D%22generatedElement%22%20id%3D%22element-64b90489d8e74603b2e80ed466e20c309f7eb80454a2a5c6%22%3E%3C%2Fdiv%3E%3Cstyle%20type%3D%22text%2Fcss%22%3E%20%23element-64b90547d8e74603b2e80ed566e20c309f7eb80454a2a5c6%7Bfont-family%3A%20'AvenirNextLTPro-Regular'%3B%20background-image%3A%20url('https%3A%2F%2Fc.sa-tech.de%2Fbanner%2Fee30a8068f183939cc6ec9271abca035bcb1729f.png')%3B%20background-repeat%3A%20no-repeat%3B%20%20background-size%3A%20contain%3B%20background-position%3A%20center%20center%3B%20color%3A%20%23ffffff%3B%20width%3A%2078px%3B%20height%3A%2039px%3B%20text-align%3A%20center%3B%20font-size%3A%2014px%3B%20font-weight%3A%20normal%3B%20padding%3A%200%200%200%200%3B%20top%3A-25px%3B%20bottom%3Aauto%3B%20left%3A887px%3B%20right%3Aauto%3B%20z-index%3A%2011%3B%20line-height%3A%20auto%3B%20cursor%3A%20pointer%3B%20position%3A%20absolute%3B%20margin%3A0%3B%20box-sizing%3A%20border-box%3B%20%7D%20%23element-64b90547d8e74603b2e80ed566e20c309f7eb80454a2a5c6%3Ahover%7B%7D%3C%2Fstyle%3E%3Cdiv%20class%3D%22generatedElement%22%20id%3D%22element-64b90547d8e74603b2e80ed566e20c309f7eb80454a2a5c6%22%3E%3C%2Fdiv%3E%3Cstyle%20type%3D%22text%2Fcss%22%3E%20%23element-64b9240ed8e74603b2e80eea66e20c309f7eb80454a2a5c6%7Bfont-family%3A%20'AvenirNextLTPro-Regular'%3B%20background-image%3A%20url('https%3A%2F%2Fc.sa-tech.de%2Fbanner%2Fe4cc95cfebd132dd59730b479f142ae3b55f4a07.png')%3B%20background-repeat%3A%20no-repeat%3B%20%20background-size%3A%20contain%3B%20background-position%3A%20center%20center%3B%20color%3A%20%23ffffff%3B%20width%3A%2084px%3B%20height%3A%2084px%3B%20text-align%3A%20center%3B%20font-size%3A%2014px%3B%20font-weight%3A%20normal%3B%20padding%3A%200%200%200%200%3B%20top%3A-124px%3B%20bottom%3Aauto%3B%20left%3A841px%3B%20right%3Aauto%3B%20z-index%3A%2018%3B%20line-height%3A%20auto%3B%20cursor%3A%20pointer%3B%20position%3A%20absolute%3B%20margin%3A0%3B%20box-sizing%3A%20border-box%3B%20%7D%20%23element-64b9240ed8e74603b2e80eea66e20c309f7eb80454a2a5c6%3Ahover%7B%7D%3C%2Fstyle%3E%3Cdiv%20class%3D%22generatedElement%22%20id%3D%22element-64b9240ed8e74603b2e80eea66e20c309f7eb80454a2a5c6%22%3E%3C%2Fdiv%3E%3Cstyle%20type%3D%22text%2Fcss%22%3E%20%23element-64b926a6d8e74603b2e80eef66e20c309f7eb80454a2a5c6%7Bfont-family%3A%20'AvenirNextLTPro-Regular'%3B%20background-image%3A%20url('https%3A%2F%2Fc.sa-tech.de%2Fbanner%2Fa6b266eb9e55040d7ee278338dc58aab75104cdb.png')%3B%20background-repeat%3A%20no-repeat%3B%20%20background-size%3A%20contain%3B%20background-position%3A%20center%20center%3B%20color%3A%20%23ffffff%3B%20width%3A%2051px%3B%20height%3A%2015px%3B%20text-align%3A%20center%3B%20font-size%3A%2014px%3B%20font-weight%3A%20normal%3B%20padding%3A%200%200%200%200%3B%20top%3A138px%3B%20bottom%3Aauto%3B%20left%3A829px%3B%20right%3Aauto%3B%20z-index%3A%204%3B%20line-height%3A%20auto%3B%20cursor%3A%20pointer%3B%20position%3A%20absolute%3B%20margin%3A0%3B%20box-sizing%3A%20border-box%3B%20max-height%3A%2015px%3B%0Amin-height%3A%2015px%3B%0A%7D%20%23element-64b926a6d8e74603b2e80eef66e20c309f7eb80454a2a5c6%3Ahover%7B%7D%3C%2Fstyle%3E%3Cdiv%20class%3D%22generatedElement%22%20id%3D%22element-64b926a6d8e74603b2e80eef66e20c309f7eb80454a2a5c6%22%3E%3C%2Fdiv%3E%3Cstyle%20type%3D%22text%2Fcss%22%3E%20%23element-64b92aabd8e74603b2e80ef066e20c309f7eb80454a2a5c6%7Bfont-family%3A%20'AvenirNextLTPro-Regular'%3B%20background-image%3A%20url('https%3A%2F%2Fc.sa-tech.de%2Fbanner%2Fa6b266eb9e55040d7ee278338dc58aab75104cdb.png')%3B%20background-repeat%3A%20no-repeat%3B%20%20background-size%3A%20contain%3B%20background-position%3A%20center%20center%3B%20color%3A%20%23ffffff%3B%20width%3A%2060px%3B%20height%3A%2015px%3B%20text-align%3A%20center%3B%20font-size%3A%2014px%3B%20font-weight%3A%20normal%3B%20padding%3A%200%200%200%200%3B%20top%3A122px%3B%20bottom%3Aauto%3B%20left%3A824px%3B%20right%3Aauto%3B%20z-index%3A%203%3B%20line-height%3A%20auto%3B%20cursor%3A%20pointer%3B%20position%3A%20absolute%3B%20margin%3A0%3B%20box-sizing%3A%20border-box%3B%20max-height%3A%2015px%3B%0Amin-height%3A%2015px%3B%0A%7D%20%23element-64b92aabd8e74603b2e80ef066e20c309f7eb80454a2a5c6%3Ahover%7B%7D%3C%2Fstyle%3E%3Cdiv%20class%3D%22generatedElement%22%20id%3D%22element-64b92aabd8e74603b2e80ef066e20c309f7eb80454a2a5c6%22%3E%3C%2Fdiv%3E%3Cstyle%20type%3D%22text%2Fcss%22%3E%20%23element-64b956a9d8e74603b2e80f0f66e20c309f7eb80454a2a5c6%7Bfont-family%3A%20'AvenirNextLTPro-Regular'%3B%20background-image%3A%20url('https%3A%2F%2Fc.sa-tech.de%2Fbanner%2Faee0baa4ef9a7aacc85465c63fb8d3ac6a5073ed.png')%3B%20background-repeat%3A%20no-repeat%3B%20%20background-size%3A%20contain%3B%20background-position%3A%20center%20center%3B%20color%3A%20%23ffffff%3B%20width%3A%2083px%3B%20height%3A%2083px%3B%20text-align%3A%20center%3B%20font-size%3A%2014px%3B%20font-weight%3A%20normal%3B%20padding%3A%200%200%200%200%3B%20top%3A-66px%3B%20bottom%3Aauto%3B%20left%3A611px%3B%20right%3Aauto%3B%20z-index%3A%2019%3B%20line-height%3A%20auto%3B%20cursor%3A%20pointer%3B%20position%3A%20absolute%3B%20margin%3A0%3B%20box-sizing%3A%20border-box%3B%20%7D%20%23element-64b956a9d8e74603b2e80f0f66e20c309f7eb80454a2a5c6%3Ahover%7B%7D%3C%2Fstyle%3E%3Cdiv%20class%3D%22generatedElement%22%20id%3D%22element-64b956a9d8e74603b2e80f0f66e20c309f7eb80454a2a5c6%22%3E%3C%2Fdiv%3E%3Cstyle%20type%3D%22text%2Fcss%22%3E%20%23element-666161adc6e8d80366dac2af66e20c309f7eb80454a2a5c6%7Bfont-family%3A%20'AvenirNextLTPro-Regular'%3B%20background-image%3A%20url('https%3A%2F%2Fc.sa-tech.de%2Fbanner%2F7969a413d7c79c4a60f6a952ed8b72c6a2df8573.jpg')%3B%20background-repeat%3A%20no-repeat%3B%20%20background-size%3A%20contain%3B%20background-position%3A%20center%20center%3B%20color%3A%20%23ffffff%3B%20width%3A%20205px%3B%20height%3A%20205px%3B%20text-align%3A%20center%3B%20font-size%3A%2014px%3B%20font-weight%3A%20normal%3B%20padding%3A%200%200%200%200%3B%20top%3A30px%3B%20bottom%3Aauto%3B%20left%3A-401px%3B%20right%3Aauto%3B%20z-index%3A%206%3B%20line-height%3A%20auto%3B%20cursor%3A%20pointer%3B%20position%3A%20absolute%3B%20margin%3A0%3B%20box-sizing%3A%20border-box%3B%20border-radius%3A%200%208%25%208%25%200%3B%20%7D%20%23element-666161adc6e8d80366dac2af66e20c309f7eb80454a2a5c6%3Ahover%7B%7D%3C%2Fstyle%3E%3Cdiv%20class%3D%22generatedElement%22%20id%3D%22element-666161adc6e8d80366dac2af66e20c309f7eb80454a2a5c6%22%3E%3C%2Fdiv%3E%3Cstyle%20type%3D%22text%2Fcss%22%3E%20%23element-64b91eeed8e74603b2e80ee266e20c309f7eb80454a2a5c6%7Bfont-family%3A%20'RedcareAccessible-Medium'%3B%20text-align%3A%20left%3B%20color%3A%20%232b140e%3B%20font-size%3A%2020px%3B%20font-weight%3A%20normal%3B%20width%3A171px%3B%20height%3A17px%3B%20top%3A41px%3B%20bottom%3Aauto%3B%20left%3A270px%3B%20right%3Aauto%3B%20line-height%3A%201.2em%3B%20%20z-index%3A%2014%3B%20position%3A%20absolute%3B%20margin%3A0%3B%20box-sizing%3A%20border-box%3B%20text-indent%3A%20%2F*100px%3B%20*%2F%20%0A%2F*r%C3%BCckt%20die%20erste%20Zeile%20eines%20Textabsatzes%20nach%20rechts%20ein%20oder%20nach%20links%20aus*%2F%7D%3C%2Fstyle%3E%3Cp%20class%3D%22generatedElement%22%20id%3D%22element-64b91eeed8e74603b2e80ee266e20c309f7eb80454a2a5c6%22%3EIhr%20Bauchgef%26%23xFC%3Bhl%20%26%23x2013%3B%3Cbr%3Eendlich%20wieder%20richtig%20gut.%3C%2Fp%3E%3Cstyle%20type%3D%22text%2Fcss%22%3E%20%23element-64b91f1ed8e74603b2e80ee366e20c309f7eb80454a2a5c6%7Bfont-family%3A%20'RedcareAccessible-Highlight'%3B%20text-align%3A%20left%3B%20color%3A%20%23ed0334%3B%20font-size%3A%2020px%3B%20font-weight%3A%20normal%3B%20width%3A179px%3B%20height%3A40px%3B%20top%3A-140px%3B%20bottom%3Aauto%3B%20left%3A620px%3B%20right%3Aauto%3B%20line-height%3A%201.2em%3B%20%20z-index%3A%2015%3B%20position%3A%20absolute%3B%20margin%3A0%3B%20box-sizing%3A%20border-box%3B%20%7D%3C%2Fstyle%3E%3Cp%20class%3D%22generatedElement%22%20id%3D%22element-64b91f1ed8e74603b2e80ee366e20c309f7eb80454a2a5c6%22%3Emax.%2050%20Zeichen.%3C%2Fp%3E%3Cstyle%20type%3D%22text%2Fcss%22%3E%20%23element-64b91f5dd8e74603b2e80ee466e20c309f7eb80454a2a5c6%7Bfont-family%3A%20'RedcareAccessible-Medium'%3B%20text-align%3A%20left%3B%20color%3A%20%232b140e%3B%20font-size%3A%20auto%3B%20font-weight%3A%20normal%3B%20width%3A255px%3B%20height%3A20px%3B%20top%3A86px%3B%20bottom%3Aauto%3B%20left%3A870px%3B%20right%3Aauto%3B%20line-height%3A%20auto%3B%20%20z-index%3A%2013%3B%20position%3A%20absolute%3B%20margin%3A0%3B%20box-sizing%3A%20border-box%3B%20%7D%3C%2Fstyle%3E%3Cp%20class%3D%22generatedElement%22%20id%3D%22element-64b91f5dd8e74603b2e80ee466e20c309f7eb80454a2a5c6%22%3ESubline%20in%20gemischter%20max%2040.%20Zeichen.%3C%2Fp%3E%3Cstyle%20type%3D%22text%2Fcss%22%3E%20%23element-64b92466d8e74603b2e80eeb66e20c309f7eb80454a2a5c6%7Bfont-family%3A%20'RedcareAccessible-Medium'%3B%20text-align%3A%20left%3B%20color%3A%20%232b140e%3B%20font-size%3A%20auto%3B%20font-weight%3A%20normal%3B%20width%3A47px%3B%20height%3A20px%3B%20top%3A-103px%3B%20bottom%3Aauto%3B%20left%3A946px%3B%20right%3Aauto%3B%20line-height%3A%20auto%3B%20%20z-index%3A%207%3B%20position%3A%20absolute%3B%20margin%3A0%3B%20box-sizing%3A%20border-box%3B%20%7D%3C%2Fstyle%3E%3Cp%20class%3D%22generatedElement%22%20id%3D%22element-64b92466d8e74603b2e80eeb66e20c309f7eb80454a2a5c6%22%3ECode%3A%3C%2Fp%3E%3Cstyle%20type%3D%22text%2Fcss%22%3E%20%23element-64b9262fd8e74603b2e80eee66e20c309f7eb80454a2a5c6%7Bfont-family%3A%20'RedcareAccessible-Medium'%3B%20text-align%3A%20left%3B%20color%3A%20%232b140e%3B%20font-size%3A%20auto%3B%20font-weight%3A%20normal%3B%20width%3A130px%3B%20height%3A39px%3B%20top%3A115px%3B%20bottom%3Aauto%3B%20left%3A873px%3B%20right%3Aauto%3B%20line-height%3A%201.4em%3B%20%20z-index%3A%205%3B%20position%3A%20absolute%3B%20margin%3A0%3B%20box-sizing%3A%20border-box%3B%20%7D%3C%2Fstyle%3E%3Cp%20class%3D%22generatedElement%22%20id%3D%22element-64b9262fd8e74603b2e80eee66e20c309f7eb80454a2a5c6%22%3EAufz%26%23xE4%3Bhlungspunkt%201%20%3Cbr%3EAufz%26%23xE4%3Bhlungspunkt%202%3C%2Fp%3E%3Cstyle%20type%3D%22text%2Fcss%22%3E%20%23element-6512d5bad52f03039718113766e20c309f7eb80454a2a5c6%7Bfont-family%3A%20'RedcareAccessible-Medium'%3B%20text-align%3A%20left%3B%20color%3A%20%232b140e%3B%20font-size%3A%20px%3B%20font-weight%3A%20normal%3B%20width%3Aauto%3B%20height%3Aauto%3B%20top%3A-40px%3B%20bottom%3Aauto%3B%20left%3Aauto%3B%20right%3Aauto%3B%20line-height%3A%201.2em%3B%20%20z-index%3A%2022%3B%20position%3A%20absolute%3B%20margin%3A0%3B%20box-sizing%3A%20border-box%3B%20%7D%3C%2Fstyle%3E%3Cp%20class%3D%22generatedElement%22%20id%3D%22element-6512d5bad52f03039718113766e20c309f7eb80454a2a5c6%22%3EHeadline%20Brown%202%3C%2Fp%3E%3Cstyle%20type%3D%22text%2Fcss%22%3E%20%23element-655743b416b098036694f11766e20c309f7eb80454a2a5c6%7Bfont-family%3A%20'RedcareAccessible-Regular'%3B%20text-align%3A%20left%3B%20color%3A%20%232b140e%3B%20font-size%3A%2010px%3B%20font-weight%3A%20normal%3B%20width%3Aauto%3B%20height%3Aauto%3B%20top%3A4px%3B%20bottom%3Aauto%3B%20left%3A8px%3B%20right%3Aauto%3B%20line-height%3A%20auto%3B%20%20z-index%3A%201%3B%20position%3A%20absolute%3B%20margin%3A0%3B%20box-sizing%3A%20border-box%3B%20%7D%3C%2Fstyle%3E%3Cp%20class%3D%22generatedElement%22%20id%3D%22element-655743b416b098036694f11766e20c309f7eb80454a2a5c6%22%3EAnzeige%3C%2Fp%3E%3C%2Fdiv%3E%0A%20%20%3C%2Fa%3E%0A%20%20%0A%0A%0A%0A%3C%2Fbody%3E%3C%2Fhtml%3E" data-as-content=""></iframe></div><div class="absolute bottom-0 left-0 z-10 flex max-h-[75%] flex-col place-items-start text-[10px]"><button class="bg-light-primary-high px-1" type="button">Pflichttext</button><p class="overflow-y-auto bg-light-primary-high px-1" hidden="">*Mit einer Kombination ausgewählter Darmsymbionten und Vitamin C zur Unterstützung einer normalen Funktion des Immunsystems.</p></div></div><div class="cross-sell-buytogether-widget flex flex-col" data-analytics="crosssell-widget" data-crosssell-id="296" data-crosssell-title="Wird oft zusammen gekauft" data-qa-widget-type="CROSS_SELL_PDP_BUY_TOGETHER_WITH"><h2 class="mb-3.5 text-xl font-medium tablet:text-2xl">Wird oft zusammen gekauft</h2><div class="relative mb-7 flex items-center rounded-2xl border border-dark-primary-min p-3.5 after:absolute after:bottom-[-21px] after:left-1/2 after:size-0 after:-translate-x-1/2 after:border after:border-x-[21px] after:border-t-[21px] after:border-transparent after:border-t-[var(--background-light-primary-medium)]"><div class="relative flex-1 self-start" data-product-id="10044240"><div class="mb-2 flex aspect-square items-center justify-center bg-light-primary-low p-3.5"><img alt="Bronchobini®" data-analytics="item-image" loading="lazy" width="150" height="150" decoding="async" data-nimg="1" class="h-auto max-w-full bg-light-primary-low" src="https://cdn.shop-apotheke.com/images/D10/044/240/D10044240-p1.jpg" style="color: transparent;"></div><h3 class="text-center"><a data-analytics="item-title" href="https://www.shop-apotheke.com/homoeopathie/10044240/bronchobini.htm" class="link link_brand line-clamp-3 overflow-hidden text-ellipsis text-center font-medium text-dark-primary-max no-underline">Bronchobini®</a></h3><div class="absolute right-0 top-0"><button class="product-badge relative -mb-4 bg-light-brand-medium text-m size-16 text-xs font-normal lowercase" data-qa-id="form-RedPoints-modal" type="button">+124<span class="block text-xs">RedPoints</span></button></div></div><div class="flex flex-1 justify-center"><svg viewBox="0 0 24 24" xmlns="http://www.w3.org/2000/svg" width="1em" height="1em" fill="currentColor" class="size-8 fill-dark-brand"><path d="M11 17a1 1 0 1 0 2 0v-4h4a1 1 0 1 0 0-2h-4V7a1 1 0 1 0-2 0v4H7a1 1 0 1 0 0 2h4z"></path></svg></div><div class="relative flex-1 self-start" data-product-id="10044286"><a class="mb-2 flex aspect-square items-center justify-center bg-light-primary-low p-3.5" data-analytics="item-title" href="https://www.shop-apotheke.com/homoeopathie/10044286/flatulini.htm"><img alt="Flatulini®" data-analytics="item-image" loading="lazy" width="150" height="150" decoding="async" data-nimg="1" class="h-auto max-w-full bg-light-primary-low" src="https://cdn.shop-apotheke.com/images/D10/044/286/D10044286-p1.jpg" style="color: transparent;"></a><h3 class="text-center"><a data-analytics="item-title" href="https://www.shop-apotheke.com/homoeopathie/10044286/flatulini.htm" class="link link_brand line-clamp-3 overflow-hidden text-ellipsis text-center font-medium text-dark-primary-max no-underline">Flatulini®</a></h3></div></div><div class="flex justify-center"><div class="flex flex-col items-center"><div class="self-start text-xs text-dark-primary-low">AVP/UVP<sup>1</sup></div><div class="flex"><div class="mr-3.5 text-xl text-dark-primary-medium line-through">€&nbsp;29,98</div><span class="text-xl font-bold text-dark-accent">€&nbsp;24,48</span></div><div class="inline-flex items-center text-xs">inkl. MwSt. zzgl.<button type="button" class="link link_brand ml-1">Versand</button></div><div class="font-bold">Sie sparen<sup>2</sup> 18%</div></div></div><a class="button button_filled button_large button_primary mt-7 w-full" data-qa-id="buy-together-with-button" href="/nx/cartintermediate/?cartAction=add&amp;eventName=addToCart_bought_together&amp;eventType=conversion&amp;crossSellOfferId=COM10044286&amp;crossSellPid=10044286&amp;offer=COM10044240&amp;offer=COM10044286&amp;originalOfferId=COM10044240&amp;originalPid=10044240&amp;prescriptionType=noPrescription&amp;product=10044240&amp;product=10044286&amp;quantity=1" name="buy-together-10044240-10044286">Beide Produkte in den Warenkorb</a></div></div></div><div class="mt-5" data-qa-id="last-activity-container"><h2 class="mb-2.5 text-xl font-medium">Ihre letzten Aktivitäten</h2><div class="flex flex-col gap-5 tablet:flex-row"><div class="tablet:w-1/2"><h3 class="mb-3.5 text-m font-medium">Angesehene Produkte</h3><ul class="flex snap-x gap-[5%] overflow-x-auto scroll-smooth mobile:gap-[2%] tablet:overflow-x-hidden"><li class="mb-5 flex shrink-0 grow-0 basis-2/5 snap-start flex-col overflow-hidden rounded-2xl shadow-md first:ml-2 mobile:basis-[28%] tablet:basis-[32%]"><a class="relative from-light-primary-low to-light-primary-medium px-3.5 after:absolute after:inset-0 after:bg-gradient-radial after:from-transparent after:via-transparent after:to-[var(--background-light-primary-medium)]" href="/homoeopathie/10044240/bronchobini.htm"><div class="flex aspect-square max-h-[130px] w-full items-center justify-center p-3.5"><img alt="Bronchobini®" loading="lazy" width="160" height="160" decoding="async" data-nimg="1" class="max-h-full w-auto max-w-full" src="https://cdn.shop-apotheke.com/images/D10/044/240/D10044240-p1.jpg" style="color: transparent;"><span class="absolute right-3.5 top-3.5 flex size-14 items-center justify-center rounded-full bg-light-tertiary font-mono font-medium text-dark-primary-max">-17%<sup>2</sup></span></div></a><div class="flex flex-1 flex-col justify-between gap-1 p-2.5"><a class="link link_brand line-clamp-3 overflow-hidden text-ellipsis font-medium text-dark-primary-max no-underline" href="/homoeopathie/10044240/bronchobini.htm">Bronchobini®</a><div class="flex flex-col gap-2"><div class="flex flex-col"><div class="flex"><span class="rating text-xl"><span class="rating__item -mx-0.5"><svg viewBox="0 0 24 24" xmlns="http://www.w3.org/2000/svg" width="1em" height="1em" fill="currentColor" class="rating__icon rating__icon_filled"><path d="M10.615 4.33c.512-1.232 2.258-1.232 2.77 0l1.173 2.82a1.5 1.5 0 0 0 1.265.919l3.044.244c1.33.106 1.869 1.766.856 2.634l-2.32 1.987a1.5 1.5 0 0 0-.483 1.487l.709 2.97c.31 1.298-1.103 2.324-2.241 1.628l-2.606-1.591a1.5 1.5 0 0 0-1.564 0l-2.606 1.591c-1.139.696-2.55-.33-2.24-1.628l.708-2.97a1.5 1.5 0 0 0-.484-1.487l-2.319-1.987c-1.013-.868-.474-2.528.856-2.634l3.044-.244a1.5 1.5 0 0 0 1.265-.92z"></path></svg></span><span class="rating__item -mx-0.5"><svg viewBox="0 0 24 24" xmlns="http://www.w3.org/2000/svg" width="1em" height="1em" fill="currentColor" class="rating__icon rating__icon_filled"><path d="M10.615 4.33c.512-1.232 2.258-1.232 2.77 0l1.173 2.82a1.5 1.5 0 0 0 1.265.919l3.044.244c1.33.106 1.869 1.766.856 2.634l-2.32 1.987a1.5 1.5 0 0 0-.483 1.487l.709 2.97c.31 1.298-1.103 2.324-2.241 1.628l-2.606-1.591a1.5 1.5 0 0 0-1.564 0l-2.606 1.591c-1.139.696-2.55-.33-2.24-1.628l.708-2.97a1.5 1.5 0 0 0-.484-1.487l-2.319-1.987c-1.013-.868-.474-2.528.856-2.634l3.044-.244a1.5 1.5 0 0 0 1.265-.92z"></path></svg></span><span class="rating__item -mx-0.5"><svg viewBox="0 0 24 24" xmlns="http://www.w3.org/2000/svg" width="1em" height="1em" fill="currentColor" class="rating__icon rating__icon_filled"><path d="M10.615 4.33c.512-1.232 2.258-1.232 2.77 0l1.173 2.82a1.5 1.5 0 0 0 1.265.919l3.044.244c1.33.106 1.869 1.766.856 2.634l-2.32 1.987a1.5 1.5 0 0 0-.483 1.487l.709 2.97c.31 1.298-1.103 2.324-2.241 1.628l-2.606-1.591a1.5 1.5 0 0 0-1.564 0l-2.606 1.591c-1.139.696-2.55-.33-2.24-1.628l.708-2.97a1.5 1.5 0 0 0-.484-1.487l-2.319-1.987c-1.013-.868-.474-2.528.856-2.634l3.044-.244a1.5 1.5 0 0 0 1.265-.92z"></path></svg></span><span class="rating__item -mx-0.5"><svg viewBox="0 0 24 24" xmlns="http://www.w3.org/2000/svg" width="1em" height="1em" fill="currentColor" class="rating__icon rating__icon_filled"><path d="M10.615 4.33c.512-1.232 2.258-1.232 2.77 0l1.173 2.82a1.5 1.5 0 0 0 1.265.919l3.044.244c1.33.106 1.869 1.766.856 2.634l-2.32 1.987a1.5 1.5 0 0 0-.483 1.487l.709 2.97c.31 1.298-1.103 2.324-2.241 1.628l-2.606-1.591a1.5 1.5 0 0 0-1.564 0l-2.606 1.591c-1.139.696-2.55-.33-2.24-1.628l.708-2.97a1.5 1.5 0 0 0-.484-1.487l-2.319-1.987c-1.013-.868-.474-2.528.856-2.634l3.044-.244a1.5 1.5 0 0 0 1.265-.92z"></path></svg></span><span class="rating__item -mx-0.5"><svg viewBox="0 0 24 24" xmlns="http://www.w3.org/2000/svg" width="1em" height="1em" fill="currentColor" class="rating__icon rating__icon_filled"><path d="M10.615 4.33c.512-1.232 2.258-1.232 2.77 0l1.173 2.82a1.5 1.5 0 0 0 1.265.919l3.044.244c1.33.106 1.869 1.766.856 2.634l-2.32 1.987a1.5 1.5 0 0 0-.483 1.487l.709 2.97c.31 1.298-1.103 2.324-2.241 1.628l-2.606-1.591a1.5 1.5 0 0 0-1.564 0l-2.606 1.591c-1.139.696-2.55-.33-2.24-1.628l.708-2.97a1.5 1.5 0 0 0-.484-1.487l-2.319-1.987c-1.013-.868-.474-2.528.856-2.634l3.044-.244a1.5 1.5 0 0 0 1.265-.92z"></path></svg></span></span><sup class="top-1">27</sup></div><a class="link link_brand text-dark-primary-max" href="/homoeopathie/10044240/bronchobini.htm#user-reviews-section">(7)</a></div><span class="block min-h-[21px] w-full">2 g | Globuli</span><div class="flex min-h-[39px] flex-col"><span class="flex flex-col"><span class="text-dark-primary-low line-through">€&nbsp;14,99</span><span class="text-2xl font-bold text-dark-brand">€&nbsp;12,49</span></span><span class="text-s text-dark-primary-medium">624,50&nbsp;€ / 100&nbsp;g</span></div></div></div></li></ul></div></div></div></div><footer class="pb-28 pt-5 tablet:pb-24"><div class="hidden tablet:block mx-auto mb-5 max-w-5xl"><h2 class="mb-7 px-3.5 text-xl font-medium text-dark-primary-max">Kategorien Ihrer Online-Apotheke</h2><div class="flex flex-wrap"><div class="mb-5 w-1/4 pl-12"><div class="mb-4 text-s font-bold text-dark-primary-max">Arzneimittel &amp; Gesundheit</div><ul class="[hyphens:auto] break-words"><li class="mb-2"><a class="text-s text-dark-primary-strong hover:text-dark-pressed-brand" data-qa-id="footer-links" href="/vitamine-mineralstoffe-enzyme/">Vitamine &amp; Mineralstoffe</a></li><li class="mb-2"><a class="text-s text-dark-primary-strong hover:text-dark-pressed-brand" data-qa-id="footer-links" href="/magen-darm/">Magen &amp; Darm</a></li><li class="mb-2"><a class="text-s text-dark-primary-strong hover:text-dark-pressed-brand" data-qa-id="footer-links" href="/erkaeltung/">Erkältung &amp; Grippe</a></li><li class="mb-2"><a class="text-s text-dark-primary-strong hover:text-dark-pressed-brand" data-qa-id="footer-links" href="/schmerzmittel/">Schmerzen</a></li></ul></div><div class="mb-5 w-1/4 pl-12"><div class="mb-4 text-s font-bold text-dark-primary-max">Baby &amp; Familie</div><ul class="[hyphens:auto] break-words"><li class="mb-2"><a class="text-s text-dark-primary-strong hover:text-dark-pressed-brand" data-qa-id="footer-links" href="/babygesundheit/">Kindergesundheit</a></li><li class="mb-2"><a class="text-s text-dark-primary-strong hover:text-dark-pressed-brand" data-qa-id="footer-links" href="/babypflege/">Pflegeprodukte fürs Kind</a></li><li class="mb-2"><a class="text-s text-dark-primary-strong hover:text-dark-pressed-brand" data-qa-id="footer-links" href="/kinderwunsch/">Kinderwunsch</a></li><li class="mb-2"><a class="text-s text-dark-primary-strong hover:text-dark-pressed-brand" data-qa-id="footer-links" href="/schwangerschaft/">Schwangerschaft</a></li></ul></div><div class="mb-5 w-1/4 pl-12"><div class="mb-4 text-s font-bold text-dark-primary-max">Beauty &amp; Pflege</div><ul class="[hyphens:auto] break-words"><li class="mb-2"><a class="text-s text-dark-primary-strong hover:text-dark-pressed-brand" data-qa-id="footer-links" href="/gesicht/">Gesichtspflege</a></li><li class="mb-2"><a class="text-s text-dark-primary-strong hover:text-dark-pressed-brand" data-qa-id="footer-links" href="/koerper/">Körperpflege</a></li><li class="mb-2"><a class="text-s text-dark-primary-strong hover:text-dark-pressed-brand" data-qa-id="footer-links" href="/sonnenschutz/">Sonne &amp; Schutz</a></li><li class="mb-2"><a class="text-s text-dark-primary-strong hover:text-dark-pressed-brand" data-qa-id="footer-links" href="/beauty-pflege-specials/">Beauty Specials</a></li></ul></div><div class="mb-5 w-1/4 pl-12"><div class="mb-4 text-s font-bold text-dark-primary-max">Bücher </div><ul class="[hyphens:auto] break-words"><li class="mb-2"><a class="text-s text-dark-primary-strong hover:text-dark-pressed-brand" data-qa-id="footer-links" href="/ernaehrungsbuecher/">Ernährung</a></li><li class="mb-2"><a class="text-s text-dark-primary-strong hover:text-dark-pressed-brand" data-qa-id="footer-links" href="/baby-familie-buecher/ ">Baby &amp; Familie</a></li><li class="mb-2"><a class="text-s text-dark-primary-strong hover:text-dark-pressed-brand" data-qa-id="footer-links" href="/koerper-geist-buecher/">Körper &amp; Geist</a></li><li class="mb-2"><a class="text-s text-dark-primary-strong hover:text-dark-pressed-brand" data-qa-id="footer-links" href="/ratgeber-gesundheit-buecher/">Ratgeber Gesundheit</a></li></ul></div><div class="mb-5 w-1/4 pl-12"><div class="mb-4 text-s font-bold text-dark-primary-max">Ernährung &amp; Abnehmen</div><ul class="[hyphens:auto] break-words"><li class="mb-2"><a class="text-s text-dark-primary-strong hover:text-dark-pressed-brand" data-qa-id="footer-links" href="/abnehmen/">Abnehmen</a></li><li class="mb-2"><a class="text-s text-dark-primary-strong hover:text-dark-pressed-brand" data-qa-id="footer-links" href="/ernaehrung/">Ernährung</a></li><li class="mb-2"><a class="text-s text-dark-primary-strong hover:text-dark-pressed-brand" data-qa-id="footer-links" href="/getraenke/">Getränke</a></li><li class="mb-2"><a class="text-s text-dark-primary-strong hover:text-dark-pressed-brand" data-qa-id="footer-links" href="/superfood/">Superfoods</a></li></ul></div><div class="mb-5 w-1/4 pl-12"><div class="mb-4 text-s font-bold text-dark-primary-max">Homöopathie</div><ul class="[hyphens:auto] break-words"><li class="mb-2"><a class="text-s text-dark-primary-strong hover:text-dark-pressed-brand" data-qa-id="footer-links" href="/homoeopathie-bachblueten/">Bachblüten</a></li><li class="mb-2"><a class="text-s text-dark-primary-strong hover:text-dark-pressed-brand" data-qa-id="footer-links" href="/einzelmittel/">Einzelmittel</a></li><li class="mb-2"><a class="text-s text-dark-primary-strong hover:text-dark-pressed-brand" data-qa-id="footer-links" href="/homoeopathisch/">Homöopathisch</a></li><li class="mb-2"><a class="text-s text-dark-primary-strong hover:text-dark-pressed-brand" data-qa-id="footer-links" href="/schuessler-salze/">Schüßler-Salze</a></li></ul></div><div class="mb-5 w-1/4 pl-12"><div class="mb-4 text-s font-bold text-dark-primary-max">Hygiene &amp; Haushalt</div><ul class="[hyphens:auto] break-words"><li class="mb-2"><a class="text-s text-dark-primary-strong hover:text-dark-pressed-brand" data-qa-id="footer-links" href="/intimhygiene-koerperhygiene/">Intim- &amp; Körperhygiene </a></li><li class="mb-2"><a class="text-s text-dark-primary-strong hover:text-dark-pressed-brand" data-qa-id="footer-links" href="/menstruationsprodukte/">Menstruationsprodukte</a></li><li class="mb-2"><a class="text-s text-dark-primary-strong hover:text-dark-pressed-brand" data-qa-id="footer-links" href="/haushaltsgeraete-reinigungsgeraete/">Haushalts- &amp; Reinigungsgeräte</a></li><li class="mb-2"><a class="text-s text-dark-primary-strong hover:text-dark-pressed-brand" data-qa-id="footer-links" href="/haushaltsmittel/">Haushaltsmittel</a></li></ul></div><div class="mb-5 w-1/4 pl-12"><div class="mb-4 text-s font-bold text-dark-primary-max">Sanitätshaus</div><ul class="[hyphens:auto] break-words"><li class="mb-2"><a class="text-s text-dark-primary-strong hover:text-dark-pressed-brand" data-qa-id="footer-links" href="/aufbaunahrung/">Aufbaunahrung &amp; Sondennahrung</a></li><li class="mb-2"><a class="text-s text-dark-primary-strong hover:text-dark-pressed-brand" data-qa-id="footer-links" href="/blasenschwaeche-inkontinenz/">Inkontinenz</a></li><li class="mb-2"><a class="text-s text-dark-primary-strong hover:text-dark-pressed-brand" data-qa-id="footer-links" href="/krankenpflege/">Pflegebedarf</a></li><li class="mb-2"><a class="text-s text-dark-primary-strong hover:text-dark-pressed-brand" data-qa-id="footer-links" href="/mobilitaet/">Mobilität</a></li></ul></div><div class="mb-5 w-1/4 pl-12"><div class="mb-4 text-s font-bold text-dark-primary-max">Sport &amp; Fitness</div><ul class="[hyphens:auto] break-words"><li class="mb-2"><a class="text-s text-dark-primary-strong hover:text-dark-pressed-brand" data-qa-id="footer-links" href="/sportler-naehrstoffe/">Sportlernährstoffe</a></li><li class="mb-2"><a class="text-s text-dark-primary-strong hover:text-dark-pressed-brand" data-qa-id="footer-links" href="/sport-und-fitness-aminosaeuren/">Aminosäuren</a></li><li class="mb-2"><a class="text-s text-dark-primary-strong hover:text-dark-pressed-brand" data-qa-id="footer-links" href="/sportnahrung-mit-proteinen/">Proteinpulver &amp; Shakes</a></li><li class="mb-2"><a class="text-s text-dark-primary-strong hover:text-dark-pressed-brand" data-qa-id="footer-links" href="/ausdauer-energie/">Ausdauer &amp; Energie</a></li></ul></div><div class="mb-5 w-1/4 pl-12"><div class="mb-4 text-s font-bold text-dark-primary-max">Tierapotheke &amp; Tierbedarf</div><ul class="[hyphens:auto] break-words"><li class="mb-2"><a class="text-s text-dark-primary-strong hover:text-dark-pressed-brand" data-qa-id="footer-links" href="/medikamente-fuer-hunde/">Hund</a></li><li class="mb-2"><a class="text-s text-dark-primary-strong hover:text-dark-pressed-brand" data-qa-id="footer-links" href="/medikamente-fuer-katzen/">Katze</a></li><li class="mb-2"><a class="text-s text-dark-primary-strong hover:text-dark-pressed-brand" data-qa-id="footer-links" href="/medikamente-fuer-pferde/">Pferd</a></li><li class="mb-2"><a class="text-s text-dark-primary-strong hover:text-dark-pressed-brand" data-qa-id="footer-links" href="/medikamente-fuer-nager/">Klein- &amp; Nagetiere</a></li></ul></div></div></div><div class="mx-auto mb-5 max-w-5xl px-4"><ul class="flex flex-col gap-4 rounded-3xl bg-light-brand-medium p-4 tablet:flex-row"><li class="flex flex-1 items-center gap-3"><img alt="" loading="lazy" width="100" height="100" decoding="async" data-nimg="1" style="color:transparent" src="https://cdn.sa-tech.de/homeone/main/_next/static/media/e-prescription.676e7acf.png"><div><h3 class="break-words text-l text-dark-brand [hyphens:auto] tablet:text-xl">E-Rezept</h3><p class="text-m text-dark-primary-strong tablet:text-l">Schnelle Lieferung direkt zu Ihnen nach Hause<sup>25</sup></p></div></li><li class="flex flex-1 items-center gap-3"><img alt="productRange" loading="lazy" width="100" height="100" decoding="async" data-nimg="1" style="color:transparent" src="https://cdn.sa-tech.de/homeone/main/images/illustrations/illustration-hexagon-huge-product-range.png"><div><h3 class="break-words text-l text-dark-brand [hyphens:auto] tablet:text-xl">Riesen-Auswahl</h3><p class="text-m text-dark-primary-strong tablet:text-l">über 100.000 Produkte</p></div></li><li class="flex flex-1 items-center gap-3"><img alt="freeDelivery" loading="lazy" width="100" height="100" decoding="async" data-nimg="1" style="color:transparent" src="https://cdn.sa-tech.de/homeone/main/images/illustrations/illustration-hexagon-free-delivery.png"><div><h3 class="break-words text-l text-dark-brand [hyphens:auto] tablet:text-xl">Versandkostenfrei</h3><p class="text-m text-dark-primary-strong tablet:text-l">ab 19€ oder mit Rezept⁸</p></div></li></ul></div><ul class="flex flex-wrap justify-center px-3.5 tablet:justify-between mx-auto mb-5 max-w-5xl"><li class="m-2 h-16"><a href="https://www.trustedshops.de/shop/certificate.php?shop_id=X6CDB62AC29E1E597016740F9743558C2"><img alt="Trusted Shop" loading="lazy" width="10" height="10" decoding="async" data-nimg="1" class="size-full object-contain" style="color:transparent" src="https://cdn.sa-tech.de/homeone/main/logos/logo-trusted.svg"></a></li><li class="m-2 h-16"><a href="https://static.shop-apotheke.com/media/pdf/tuev_nord_cert.pdf"><img alt="TÜV" loading="lazy" width="10" height="10" decoding="async" data-nimg="1" class="size-full object-contain" style="color:transparent" src="https://cdn.sa-tech.de/homeone/main/logos/logo-tuv.svg"></a></li><li class="m-2 h-16"><a href="https://static.shop-apotheke.com/media/footer/2100656_Main_DE.pdf"><img alt="TÜV" loading="lazy" width="10" height="10" decoding="async" data-nimg="1" class="size-full object-contain" style="color:transparent" src="https://cdn.sa-tech.de/homeone/main/logos/logo-tuv-qr.png"></a></li><li class="m-2 h-16"><span><img alt="Händler des Jahres" loading="lazy" width="10" height="10" decoding="async" data-nimg="1" class="size-full object-contain" style="color:transparent" src="https://cdn.sa-tech.de/homeone/main/logos/logo-webshop-award.svg"></span></li><li class="m-2 h-16"><a href="https://www.eaep.com/de/"><img alt="European Association of E-Pharmacies" loading="lazy" width="10" height="10" decoding="async" data-nimg="1" class="size-full object-contain" style="color:transparent" src="https://cdn.sa-tech.de/homeone/main/logos/logo-eaep.svg"></a></li><li class="m-2 h-16"><a href="https://www.aanbiedersmedicijnen.nl/aanbieders/aanbiederslijst/shop-apotheke-b-v/index"><img alt="Klik om te controleren of deze website legal handelt" loading="lazy" width="10" height="10" decoding="async" data-nimg="1" class="size-full object-contain" style="color:transparent" src="https://cdn.sa-tech.de/homeone/main/logos/logo-download.svg"></a></li><li class="m-2 h-16"><a href="https://www.cbg-meb.nl/onderwerpen/bd-internethandel-diergeneesmiddelen"><img alt="VET" loading="lazy" width="10" height="10" decoding="async" data-nimg="1" class="size-full object-contain" style="color:transparent" src="https://cdn.sa-tech.de/homeone/main/logos/logo-vet.png"></a></li></ul><div class="mb-5 w-full px-3.5 py-5 tablet:bg-light-brand-medium"><div class="grid-cols-12 gap-3.5 tablet:grid mx-auto max-w-5xl"><div class="col-start-1 col-end-6 row-start-1 row-end-2 FooterShippingPartners_accordion__EPEYY" id="shipping-partners"><div class="accordion block rounded-b-none border-b-0 tablet:border-0 tablet:bg-transparent"><div aria-expanded="false" tabindex="0" class="accordion-summary text-s font-medium text-dark-primary-max aria-expanded:bg-transparent tablet:pointer-events-none tablet:bg-light-brand-medium tablet:px-0" role="button"><div class="accordion-summary__content">Versandarten</div><div class="accordion-summary__expand-icon-wrapper"><svg viewBox="0 0 24 24" xmlns="http://www.w3.org/2000/svg" width="1em" height="1em" fill="currentColor" class="tablet:hidden"><path fill-rule="evenodd" d="M5.293 9.453a1 1 0 0 1 1.414 0L12 14.746l5.293-5.293a1 1 0 1 1 1.414 1.414l-5.293 5.293a2 2 0 0 1-2.828 0l-5.293-5.293a1 1 0 0 1 0-1.414" clip-rule="evenodd"></path></svg></div></div><div class="accordion__transition accordion__transition_collapsed"><div class="accordion-details tablet:p-0"><ul class="grid auto-rows-fr grid-cols-3 gap-3.5"><li class="flex max-h-16 w-full items-center justify-center overflow-hidden rounded-2xl bg-light-primary-low"><a class="h-full w-full" href="/klimaneutraler-versand/"><img alt="DHL" loading="lazy" width="10" height="10" decoding="async" data-nimg="1" class="size-full object-contain" style="color:transparent" src="https://cdn.sa-tech.de/homeone/main/logos/logo-dhl.svg"></a></li><li class="flex max-h-16 w-full items-center justify-center overflow-hidden rounded-2xl bg-light-primary-low"><span class="h-full w-full"><img alt="Hermes" loading="lazy" width="10" height="10" decoding="async" data-nimg="1" class="size-full object-contain" style="color:transparent" src="https://cdn.sa-tech.de/homeone/main/logos/logo-hermes.svg"></span></li><li class="flex max-h-16 w-full items-center justify-center overflow-hidden rounded-2xl bg-light-primary-low px-3 py-1"><span class="h-full w-full"><img alt="trans-o-flex Logistics Group" loading="lazy" width="10" height="10" decoding="async" data-nimg="1" class="size-full object-contain" style="color:transparent" src="https://cdn.sa-tech.de/homeone/main/logos/logo-transoflex.svg"></span></li><li class="flex max-h-16 w-full items-center justify-center overflow-hidden rounded-2xl bg-light-primary-low px-3 py-1"><a class="h-full" href="/klimaneutraler-versand/"><img alt="UPS" loading="lazy" width="10" height="10" decoding="async" data-nimg="1" class="size-full object-contain" style="color:transparent" src="https://cdn.sa-tech.de/homeone/main/logos/logo-ups.svg"></a></li><li class="flex max-h-16 w-full items-center justify-center overflow-hidden rounded-2xl bg-light-primary-low"><span class="h-full w-full"><img alt="DPD" loading="lazy" width="10" height="10" decoding="async" data-nimg="1" class="size-full object-contain" style="color:transparent" src="https://cdn.sa-tech.de/homeone/main/logos/logo-dpd.svg"></span></li></ul></div></div></div></div><div class="col-start-8 col-end-13 row-start-1 row-end-2 FooterPaymentPartners_accordion__HIx5M" id="payment-partners"><div class="accordion block rounded-none border-b-0 tablet:border-0 tablet:bg-transparent"><div aria-expanded="false" tabindex="0" class="accordion-summary text-s font-medium text-dark-primary-max aria-expanded:bg-transparent tablet:pointer-events-none tablet:bg-transparent tablet:px-0" role="button"><div class="accordion-summary__content">Zahlungsarten</div><div class="accordion-summary__expand-icon-wrapper"><svg viewBox="0 0 24 24" xmlns="http://www.w3.org/2000/svg" width="1em" height="1em" fill="currentColor" class="tablet:hidden"><path fill-rule="evenodd" d="M5.293 9.453a1 1 0 0 1 1.414 0L12 14.746l5.293-5.293a1 1 0 1 1 1.414 1.414l-5.293 5.293a2 2 0 0 1-2.828 0l-5.293-5.293a1 1 0 0 1 0-1.414" clip-rule="evenodd"></path></svg></div></div><div class="accordion__transition accordion__transition_collapsed"><div class="accordion-details tablet:p-0"><ul class="grid auto-rows-fr grid-cols-3 gap-3.5"><li class="flex max-h-16 w-full items-center justify-center overflow-hidden rounded-2xl bg-light-primary-low p-2"><span class="size-full"><img alt="Visa" loading="lazy" width="10" height="10" decoding="async" data-nimg="1" class="size-full object-contain" style="color:transparent" src="https://cdn.sa-tech.de/homeone/main/logos/logo-visa.svg"></span></li><li class="flex max-h-16 w-full items-center justify-center overflow-hidden rounded-2xl bg-light-primary-low"><span class="size-full"><img alt="Sepa" loading="lazy" width="10" height="10" decoding="async" data-nimg="1" class="size-full object-contain" style="color:transparent" src="https://cdn.sa-tech.de/homeone/main/logos/logo-sepa-padded-and-centered.svg"></span></li><li class="flex max-h-16 w-full items-center justify-center overflow-hidden rounded-2xl bg-light-primary-low"><span class="size-full"><img alt="PayPal" loading="lazy" width="10" height="10" decoding="async" data-nimg="1" class="size-full object-contain" style="color:transparent" src="https://cdn.sa-tech.de/homeone/main/logos/logo-paypal-padded-and-centered.svg"></span></li><li class="flex max-h-16 w-full items-center justify-center overflow-hidden rounded-2xl bg-light-primary-low"><span class="size-full"><img alt="Mastercard" loading="lazy" width="10" height="10" decoding="async" data-nimg="1" class="size-full object-contain" style="color:transparent" src="https://cdn.sa-tech.de/homeone/main/logos/logo-mastercard-padded-and-centered.svg"></span></li><li class="flex max-h-16 w-full items-center justify-center overflow-hidden rounded-2xl bg-light-primary-low"><a class="size-full" href="https://www.klarna.com/de/jetzt-kaufen-spaeter-bezahlen/"><img alt="Klarna" loading="lazy" width="10" height="10" decoding="async" data-nimg="1" class="size-full object-contain" style="color:transparent" src="https://cdn.sa-tech.de/homeone/main/logos/logo-klarna.svg"></a></li><li class="flex max-h-16 w-full items-center justify-center overflow-hidden rounded-2xl bg-light-primary-low"><span class="size-full"><img alt="Kauf auf Rechnung" loading="lazy" width="10" height="10" decoding="async" data-nimg="1" class="size-full object-contain" style="color:transparent" src="https://cdn.sa-tech.de/homeone/main/logos/logo-rechnung.svg"></span></li><li class="flex max-h-16 w-full items-center justify-center overflow-hidden rounded-2xl bg-light-primary-low"><span class="size-full"><img alt="Vorkasse" loading="lazy" width="10" height="10" decoding="async" data-nimg="1" class="size-full object-contain" style="color:transparent" src="https://cdn.sa-tech.de/homeone/main/logos/logo-vorkasse.svg"></span></li><li class="flex max-h-16 w-full items-center justify-center overflow-hidden rounded-2xl bg-light-primary-low"><span class="size-full"><img alt="Apple Pay" loading="lazy" width="10" height="10" decoding="async" data-nimg="1" class="size-full object-contain" style="color:transparent" src="https://cdn.sa-tech.de/homeone/main/logos/logo-applepay-padded-and-centered.svg"></span></li></ul></div></div></div></div><div class="gap-7 tablet:flex col-start-1 col-end-8 row-start-2 row-end-4"><div class="accordion block flex-1 rounded-none border-b-0 last:rounded-b last:border-b tablet:border-0 tablet:bg-transparent last:tablet:border-b-0 FooterInfoSection_accordion__Jl_BJ" id="FAQ_&amp;_Kontakt_0"><div aria-expanded="false" tabindex="0" class="accordion-summary text-l font-bold text-dark-primary-max aria-expanded:bg-transparent tablet:pointer-events-none tablet:bg-transparent tablet:px-0" role="button"><div class="accordion-summary__content">FAQ &amp; Kontakt</div><div class="accordion-summary__expand-icon-wrapper"><svg viewBox="0 0 24 24" xmlns="http://www.w3.org/2000/svg" width="1em" height="1em" fill="currentColor" class="tablet:hidden"><path fill-rule="evenodd" d="M5.293 9.453a1 1 0 0 1 1.414 0L12 14.746l5.293-5.293a1 1 0 1 1 1.414 1.414l-5.293 5.293a2 2 0 0 1-2.828 0l-5.293-5.293a1 1 0 0 1 0-1.414" clip-rule="evenodd"></path></svg></div></div><div class="accordion__transition accordion__transition_collapsed"><div class="accordion-details tablet:px-0"><div><ul class="[hyphens:auto] break-words"><li class="mb-2"><a class="text-s text-dark-primary-strong hover:text-dark-pressed-brand" data-qa-id="footer-links" href="/faq.htm">FAQ</a></li><li class="mb-2"><a class="text-s text-dark-primary-strong hover:text-dark-pressed-brand" data-qa-id="footer-links" href="/versandapotheke_kontakt.htm">Kontakt</a></li><li class="mb-2"><a class="text-s text-dark-primary-strong hover:text-dark-pressed-brand" data-qa-id="footer-links" href="/faq.htm#f02">Versand</a></li><li class="mb-2"><a class="text-s text-dark-primary-strong hover:text-dark-pressed-brand" data-qa-id="footer-links" href="/lp/versandkosten/">Versandkosten</a></li><li class="mb-2"><a class="text-s text-dark-primary-strong hover:text-dark-pressed-brand" data-qa-id="footer-links" href="/now/">Now! Versand</a></li><li class="mb-2"><a class="text-s text-dark-primary-strong hover:text-dark-pressed-brand" data-qa-id="footer-links" href="/e-rezept-einloesen/">E-Rezept</a></li><li class="mb-2"><a class="text-s text-dark-primary-strong hover:text-dark-pressed-brand" data-qa-id="footer-links" href="/faq.htm#frage-4-6">Pharmakovigilanz</a></li><li class="mb-2"><a class="text-s text-dark-primary-strong hover:text-dark-pressed-brand" data-qa-id="footer-links" href="/faq.htm#f05">Medizinproduktesicherheit</a></li></ul></div></div></div></div><div class="accordion block flex-1 rounded-none border-b-0 last:rounded-b last:border-b tablet:border-0 tablet:bg-transparent last:tablet:border-b-0 FooterInfoSection_accordion__Jl_BJ" id="Unternehmen_1"><div aria-expanded="false" tabindex="0" class="accordion-summary text-l font-bold text-dark-primary-max aria-expanded:bg-transparent tablet:pointer-events-none tablet:bg-transparent tablet:px-0" role="button"><div class="accordion-summary__content">Unternehmen</div><div class="accordion-summary__expand-icon-wrapper"><svg viewBox="0 0 24 24" xmlns="http://www.w3.org/2000/svg" width="1em" height="1em" fill="currentColor" class="tablet:hidden"><path fill-rule="evenodd" d="M5.293 9.453a1 1 0 0 1 1.414 0L12 14.746l5.293-5.293a1 1 0 1 1 1.414 1.414l-5.293 5.293a2 2 0 0 1-2.828 0l-5.293-5.293a1 1 0 0 1 0-1.414" clip-rule="evenodd"></path></svg></div></div><div class="accordion__transition accordion__transition_collapsed"><div class="accordion-details tablet:px-0"><div><ul class="[hyphens:auto] break-words"><li class="mb-2"><a class="text-s text-dark-primary-strong hover:text-dark-pressed-brand" data-qa-id="footer-links" href="/about.htm">Über uns</a></li><li class="mb-2"><a class="text-s text-dark-primary-strong hover:text-dark-pressed-brand" data-qa-id="footer-links" href="https://www.redcare-pharmacy.com/de/ueber-uns">Corporate Website</a></li><li class="mb-2"><a class="text-s text-dark-primary-strong hover:text-dark-pressed-brand" data-qa-id="footer-links" href="https://retailmedia.redcare-pharmacy.com/de/home">Retail Media</a></li><li class="mb-2"><a class="text-s text-dark-primary-strong hover:text-dark-pressed-brand" data-qa-id="footer-links" href="https://www.redcare-pharmacy.com/de/careers">Jobs &amp; Karriere</a></li><li class="mb-2"><a class="text-s text-dark-primary-strong hover:text-dark-pressed-brand" data-qa-id="footer-links" href="/partner/">Partner werden</a></li><li class="mb-2"><a class="text-s text-dark-primary-strong hover:text-dark-pressed-brand" data-qa-id="footer-links" href="/nx/redpoints/">RedPoints</a></li><li class="mb-2"><a class="text-s text-dark-primary-strong hover:text-dark-pressed-brand" data-qa-id="footer-links" href="/lp/shop-apotheke-app/">Unsere Apps</a></li><li class="mb-2"><a class="text-s text-dark-primary-strong hover:text-dark-pressed-brand" data-qa-id="footer-links" href="/lp/eigenmarken/ ">Unsere Eigenmarken</a></li></ul></div></div></div></div><div class="accordion block flex-1 rounded-none border-b-0 last:rounded-b last:border-b tablet:border-0 tablet:bg-transparent last:tablet:border-b-0 FooterInfoSection_accordion__Jl_BJ" id="Rechtliches_2"><div aria-expanded="false" tabindex="0" class="accordion-summary text-l font-bold text-dark-primary-max aria-expanded:bg-transparent tablet:pointer-events-none tablet:bg-transparent tablet:px-0" role="button"><div class="accordion-summary__content">Rechtliches</div><div class="accordion-summary__expand-icon-wrapper"><svg viewBox="0 0 24 24" xmlns="http://www.w3.org/2000/svg" width="1em" height="1em" fill="currentColor" class="tablet:hidden"><path fill-rule="evenodd" d="M5.293 9.453a1 1 0 0 1 1.414 0L12 14.746l5.293-5.293a1 1 0 1 1 1.414 1.414l-5.293 5.293a2 2 0 0 1-2.828 0l-5.293-5.293a1 1 0 0 1 0-1.414" clip-rule="evenodd"></path></svg></div></div><div class="accordion__transition accordion__transition_collapsed"><div class="accordion-details tablet:px-0"><div><ul class="[hyphens:auto] break-words"><li class="mb-2"><a class="text-s text-dark-primary-strong hover:text-dark-pressed-brand" data-qa-id="footer-links" href="/apotheke_haftung.htm">Nutzung und Haftung</a></li><li class="mb-2"><a class="text-s text-dark-primary-strong hover:text-dark-pressed-brand" data-qa-id="footer-links" href="/versandapotheke_agb.htm">AGB</a></li><li class="mb-2"><a class="text-s text-dark-primary-strong hover:text-dark-pressed-brand" data-qa-id="footer-links" href="/versandapotheke_agb.htm#widerruf">Widerruf</a></li><li class="mb-2"><a class="text-s text-dark-primary-strong hover:text-dark-pressed-brand" data-qa-id="footer-links" href="/datenschutz.htm">Datenschutz</a></li><li class="mb-2"><a class="text-s text-dark-primary-strong hover:text-dark-pressed-brand" href="javascript:UC_UI.showSecondLayer();">Cookie-Einstellungen</a></li><li class="mb-2"><a class="text-s text-dark-primary-strong hover:text-dark-pressed-brand" data-qa-id="footer-links" href="/apotheke_impressum.htm">Impressum</a></li></ul></div></div></div></div></div><article class="relative hidden tablet:block col-start-8 col-end-13 row-start-2 row-end-3"><h3 class="mb-3.5 pt-2.5 text-s font-medium">Newsletter</h3><div class="relative rounded-2xl bg-light-primary-low p-3.5"><div class="mb-3.5 flex"><div class="absolute -right-6 -top-6 mr-3.5 flex size-[76px] shrink-0 items-center justify-center rounded-full bg-light-tertiary text-center font-mono font-medium text-dark-primary-max text-l">5€</div><ul class="-ml-1.5"><li class="flex items-center mb-2 text-no"><svg viewBox="0 0 24 24" xmlns="http://www.w3.org/2000/svg" width="1em" height="1em" fill="currentColor" class="mr-1 h-5 fill-dark-now text-l"><path fill-rule="evenodd" d="M18.574 6.18a1 1 0 0 1 .245 1.393l-6.316 9.024a2 2 0 0 1-3.053.267l-4.157-4.157a1 1 0 1 1 1.414-1.414l4.157 4.157 6.317-9.023a1 1 0 0 1 1.392-.246" clip-rule="evenodd"></path></svg>Attraktive Angebote und Rabatte</li><li class="flex items-center mb-2 text-no"><svg viewBox="0 0 24 24" xmlns="http://www.w3.org/2000/svg" width="1em" height="1em" fill="currentColor" class="mr-1 h-5 fill-dark-now text-l"><path fill-rule="evenodd" d="M18.574 6.18a1 1 0 0 1 .245 1.393l-6.316 9.024a2 2 0 0 1-3.053.267l-4.157-4.157a1 1 0 1 1 1.414-1.414l4.157 4.157 6.317-9.023a1 1 0 0 1 1.392-.246" clip-rule="evenodd"></path></svg>Exklusive Gutscheine und Geschenke</li><li class="flex items-center mb-2 text-no"><svg viewBox="0 0 24 24" xmlns="http://www.w3.org/2000/svg" width="1em" height="1em" fill="currentColor" class="mr-1 h-5 fill-dark-now text-l"><path fill-rule="evenodd" d="M18.574 6.18a1 1 0 0 1 .245 1.393l-6.316 9.024a2 2 0 0 1-3.053.267l-4.157-4.157a1 1 0 1 1 1.414-1.414l4.157 4.157 6.317-9.023a1 1 0 0 1 1.392-.246" clip-rule="evenodd"></path></svg>Gratis-Zugaben</li></ul></div><div class="flex justify-end"><a class="button button_filled button_large button_primary w-full py-4 text-s font-bold" href="/nx/newsletter/"><span class="button__icon button__icon_start"><svg viewBox="0 0 24 24" xmlns="http://www.w3.org/2000/svg" width="1em" height="1em" fill="currentColor"><path fill-rule="evenodd" d="M2 6a2 2 0 0 1 2-2h16a2 2 0 0 1 2 2v12a2 2 0 0 1-2 2H4a2 2 0 0 1-2-2V6m2 4.045V18h16v-7.955l-6.158 4.79a3 3 0 0 1-3.684 0zM20 7.51l-7.386 5.745a1 1 0 0 1-1.228 0L4 7.51V6h16z" clip-rule="evenodd"></path></svg></span>Anmelden</a></div></div></article></div></div><div class="mb-3.5 flex flex-wrap items-center justify-between border-b border-b-dark-primary-min mx-auto mb-5 max-w-5xl px-3.5 desktop:px-0"><div class="mb-3 flex items-center"><h3 class="mr-3.5 hidden text-m font-bold tablet:block">Folgen Sie uns</h3><ul><li class="mr-2 inline-block"><a href="https://www.facebook.com/shop.apotheke.com/" rel="noreferrer" target="_blank"><img alt="facebook" loading="lazy" width="44" height="44" decoding="async" data-nimg="1" class="hover:brightness-90 hover:saturate-100" style="color:transparent" src="https://cdn.sa-tech.de/homeone/main/_next/static/media/facebook.985bf474.svg"></a></li><li class="mr-2 inline-block"><a href="https://www.youtube.com/channel/UCbJ7e_ABSL4eh6KvUlcSUrg" rel="noreferrer" target="_blank"><img alt="youtube" loading="lazy" width="44" height="44" decoding="async" data-nimg="1" class="hover:brightness-90 hover:saturate-100" style="color:transparent" src="https://cdn.sa-tech.de/homeone/main/_next/static/media/youtube.0fdf8cc8.svg"></a></li><li class="mr-2 inline-block"><a href="https://www.instagram.com/shopapothekecom/" rel="noreferrer" target="_blank"><img alt="instagram" loading="lazy" width="44" height="44" decoding="async" data-nimg="1" class="hover:brightness-90 hover:saturate-100" style="color:transparent" src="https://cdn.sa-tech.de/homeone/main/_next/static/media/instagram.8b59581e.svg"></a></li></ul></div><ul class="mb-3 flex justify-end"><li class="ml-1 shrink-0"><a href="https://itunes.apple.com/de/app/shop-apotheke.com-online-apotheke/id1104967519?mt=8"><img alt="Laden im Appstore" loading="lazy" width="135" height="40" decoding="async" data-nimg="1" style="color:transparent" src="https://cdn.sa-tech.de/homeone/main/logos/logo-appstore.svg"></a></li><li class="ml-1 shrink-0"><a href="https://play.google.com/store/apps/details?id=shop.shop_apotheke.com.shopapotheke"><img alt="Jetzt bei GooglePlay" loading="lazy" width="135" height="40" decoding="async" data-nimg="1" style="color:transparent" src="https://cdn.sa-tech.de/homeone/main/logos/logo-google-play.svg"></a></li></ul></div><div class="mb-3.5 pt-3.5 tablet:flex tablet:justify-between mx-auto mb-5 max-w-5xl px-3.5 desktop:px-0"><div class="col-span-5 text-center text-s tablet:text-left">© 2001 - 2024 <!-- -->shop-apotheke.com - Ihre TÜV-zertifizierte Online Apotheke!</div><div class="col-span-5 col-start-8 flex justify-center align-middle tablet:justify-end"><div class="mr-2 text-s">International<!-- -->: </div><ul class="flex flex-wrap gap-2 tablet:flex-nowrap"><li><a href="https://www.shop-apotheke.com"><img alt="Die Online-Apotheke für Deutschland" loading="lazy" width="30" height="20" decoding="async" data-nimg="1" style="color:transparent" src="https://cdn.sa-tech.de/homeone/main/images/flags/flag-germany.svg"></a></li><li><a href="https://www.farmaline.be/"><img alt="De online apotheek voor België" loading="lazy" width="30" height="20" decoding="async" data-nimg="1" style="color:transparent" src="https://cdn.sa-tech.de/homeone/main/images/flags/flag-belgium.svg"></a></li><li><a href="https://www.shop-apotheke.at"><img alt="Die Online-Apotheke für Österreich" loading="lazy" width="30" height="20" decoding="async" data-nimg="1" style="color:transparent" src="https://cdn.sa-tech.de/homeone/main/images/flags/flag-austria.svg"></a></li><li><a href="https://www.redcare-apotheke.ch"><img alt="Alles für ein schönes und gesundes Leben!" loading="lazy" width="30" height="20" decoding="async" data-nimg="1" style="color:transparent" src="https://cdn.sa-tech.de/homeone/main/images/flags/flag-switzerland.svg"></a></li><li><a href="https://www.redcare-pharmacie.fr"><img alt="La pharmacie en ligne pour la France" loading="lazy" width="30" height="20" decoding="async" data-nimg="1" style="color:transparent" src="https://cdn.sa-tech.de/homeone/main/images/flags/flag-france.svg"></a></li><li><a href="https://www.redcare.it"><img alt="Redcare: i tuoi farmacisti online" loading="lazy" width="30" height="20" decoding="async" data-nimg="1" style="color:transparent" src="https://cdn.sa-tech.de/homeone/main/images/flags/flag-italy.svg"></a></li></ul></div></div><div class="flex justify-center mx-auto mb-5 max-w-5xl px-3.5 desktop:px-0"></div></footer><button aria-label="scroll to top" class="fixed bottom-5 right-32 z-20 hidden size-14 items-center justify-center rounded-full bg-light-primary-low text-dark-brand shadow-md transition-opacity tablet:flex print:hidden opacity-100 ButtonScrollToTop_scroll-to-top__GdrbW mb-28" data-qa-id="form-scrollToTop" type="button"><svg viewBox="0 0 24 24" xmlns="http://www.w3.org/2000/svg" width="1em" height="1em" fill="currentColor" class="text-2xl"><path fill-rule="evenodd" d="M18.707 14.793a1 1 0 0 1-1.414 0L12 9.5l-5.293 5.293a1 1 0 0 1-1.414-1.414l5.293-5.293a2 2 0 0 1 2.828 0l5.293 5.293a1 1 0 0 1 0 1.414" clip-rule="evenodd"></path></svg></button></div><script id="__NEXT_DATA__" type="application/json" crossorigin="anonymous">{"props":{"pageProps":{"standardLayoutData":{"advertisingFlyoutBannerConfig":{"banner":{"src":"https://cdn.sa-tech.de/homeone/main/_next/static/media/advertising_flyout_banner_com.63aab6c6.png","height":416,"width":200,"blurDataURL":"data:image/png;base64,iVBORw0KGgoAAAANSUhEUgAAAAQAAAAICAMAAADp7a43AAAANlBMVEXYz+S8q8veY3ro3t/JqMrQxODw6+rImLq+oL7JudrRprvg0drZrbTXytWvmbbac470sqHYcovF7biVAAAACXBIWXMAAAsTAAALEwEAmpwYAAAAK0lEQVR4nBXBCRYAEAhAwS9S2d3/sp4ZilnB3RLKV3NH62nEHIGvFFyR/QAOowDcVOflIgAAAABJRU5ErkJggg==","blurWidth":4,"blurHeight":8}},"algoliaConfig":{"algoliaApiKey":"6706777b1652b0b3d519958312d1ffa1","algoliaApplicationId":"58ECUELY50","productsAlgoliaIndex":"products_mktplc_prod_DE_de","suggestProductsAlgoliaIndex":"suggest_products_prod_DE_de","topSellerProductsAlgoliaIndex":"products_mktplc_prod_DE_de_topsellerCount_desc"},"alternativeUrls":{"de":{"flag":"https://cdn.sa-tech.de/homeone/main/images/flags/flag-germany.svg","path":"https://www.shop-apotheke.com/homoeopathie/10044240/bronchobini.htm","translatedLanguage":"Deutsch"}},"exitIntentPopupModalConfig":{"banner":{"src":"https://cdn.sa-tech.de/homeone/main/_next/static/media/de-DE_desktop.4063ba4d.jpg","height":408,"width":1260,"blurDataURL":"data:image/jpeg;base64,/9j/2wBDAAoKCgoKCgsMDAsPEA4QDxYUExMUFiIYGhgaGCIzICUgICUgMy03LCksNy1RQDg4QFFeT0pPXnFlZXGPiI+7u/v/2wBDAQoKCgoKCgsMDAsPEA4QDxYUExMUFiIYGhgaGCIzICUgICUgMy03LCksNy1RQDg4QFFeT0pPXnFlZXGPiI+7u/v/wgARCAADAAgDASIAAhEBAxEB/8QAFQABAQAAAAAAAAAAAAAAAAAAAAf/xAAUAQEAAAAAAAAAAAAAAAAAAAAD/9oADAMBAAIQAxAAAACrgV//xAAZEAEAAgMAAAAAAAAAAAAAAAACABEBQqH/2gAIAQEAAT8AAOHVbLk//8QAFxEAAwEAAAAAAAAAAAAAAAAAAAMygf/aAAgBAgEBPwBc6f/EABURAQEAAAAAAAAAAAAAAAAAAAAB/9oACAEDAQE/AK//2Q==","blurWidth":8,"blurHeight":3}},"footerData":{"appLinks":[{"alt":"Laden im Appstore","href":"https://itunes.apple.com/de/app/shop-apotheke.com-online-apotheke/id1104967519?mt=8","id":"appstore"},{"alt":"Jetzt bei GooglePlay","href":"https://play.google.com/store/apps/details?id=shop.shop_apotheke.com.shopapotheke","id":"google-play"}],"infoSectionLinks":[{"items":[{"href":"/faq.htm","title":"FAQ"},{"href":"/versandapotheke_kontakt.htm","title":"Kontakt"},{"href":"/faq.htm#f02","title":"Versand"},{"href":"/lp/versandkosten/","title":"Versandkosten"},{"href":"/now/","title":"Now! Versand"},{"href":"/e-rezept-einloesen/","title":"E-Rezept"},{"href":"/faq.htm#frage-4-6","title":"Pharmakovigilanz"},{"href":"/faq.htm#f05","title":"Medizinproduktesicherheit"}],"title":"FAQ \u0026 Kontakt"},{"items":[{"href":"/about.htm","title":"Über uns"},{"href":"https://www.redcare-pharmacy.com/de/ueber-uns","title":"Corporate Website"},{"href":"https://retailmedia.redcare-pharmacy.com/de/home","title":"Retail Media"},{"href":"https://www.redcare-pharmacy.com/de/careers","title":"Jobs \u0026 Karriere"},{"href":"/partner/","title":"Partner werden"},{"href":"/nx/redpoints/","title":"RedPoints"},{"href":"/lp/shop-apotheke-app/","title":"Unsere Apps"},{"href":"/lp/eigenmarken/ ","title":"Unsere Eigenmarken"}],"title":"Unternehmen"},{"items":[{"href":"/apotheke_haftung.htm","title":"Nutzung und Haftung"},{"href":"/versandapotheke_agb.htm","title":"AGB"},{"href":"/versandapotheke_agb.htm#widerruf","title":"Widerruf"},{"href":"/datenschutz.htm","title":"Datenschutz"},{"href":"javascript:UC_UI.showSecondLayer();","title":"Cookie-Einstellungen"},{"href":"/apotheke_impressum.htm","title":"Impressum"}],"title":"Rechtliches"}],"legalTextIframeSrc":"/webclient/assets/iframe/com/de/legal.html","newsletterDiscount":"5€","paymentPartners":[{"alt":"Visa","logo":{"height":40,"src":"logoVisa","width":100}},{"alt":"Sepa","logo":{"height":53,"src":"logoSepa","width":128}},{"alt":"PayPal","logo":{"height":40,"src":"logoPaypal","width":100}},{"alt":"Mastercard","logo":{"height":40,"src":"logoMastercard","width":100}},{"alt":"Klarna","href":"https://www.klarna.com/de/jetzt-kaufen-spaeter-bezahlen/","logo":{"height":40,"src":"logoKlarna","width":100}},{"alt":"Kauf auf Rechnung","logo":{"height":40,"src":"logoRechnung","width":100}},{"alt":"Vorkasse","logo":{"height":40,"src":"logoVorkasse","width":100}},{"alt":"Apple Pay","logo":{"height":40,"src":"logoApplePay","width":100}}],"shippingPartners":[{"alt":"DHL","href":true,"logo":{"fullWidth":true,"height":40,"src":"logoDhl","width":100}},{"alt":"Hermes","logo":{"fullWidth":true,"height":40,"src":"logoHermes","width":100}},{"alt":"trans-o-flex Logistics Group","logo":{"fullWidth":true,"height":40,"src":"logoTransoflex","width":100}},{"alt":"UPS","href":true,"logo":{"height":40,"src":"logoUps","width":100}},{"alt":"DPD","logo":{"fullWidth":true,"height":40,"src":"logoDpd","width":100}}],"socialLinks":[{"href":"https://www.facebook.com/shop.apotheke.com/","id":"facebook","text":"Facebook"},{"href":"https://www.youtube.com/channel/UCbJ7e_ABSL4eh6KvUlcSUrg","id":"youtube","text":"YouTube"},{"href":"https://www.instagram.com/shopapothekecom/","id":"instagram","text":"YouTube"}],"tenantLinks":[{"alt":"Die Online-Apotheke für Deutschland","href":"https://www.shop-apotheke.com","id":"germany"},{"alt":"De online apotheek voor België","href":"https://www.farmaline.be/","id":"belgium"},{"alt":"Die Online-Apotheke für Österreich","href":"https://www.shop-apotheke.at","id":"austria"},{"alt":"Alles für ein schönes und gesundes Leben!","href":"https://www.redcare-apotheke.ch","id":"switzerland"},{"alt":"La pharmacie en ligne pour la France","href":"https://www.redcare-pharmacie.fr","id":"france"},{"alt":"Redcare: i tuoi farmacisti online","href":"https://www.redcare.it","id":"italy"}],"trustBoxLinks":[{"alt":"Trusted Shop","href":"https://www.trustedshops.de/shop/certificate.php?shop_id=X6CDB62AC29E1E597016740F9743558C2","id":"trustedshops"},{"alt":"TÜV","href":"/media/pdf/tuev_nord_cert.pdf","id":"tuv"},{"alt":"TÜV","href":"/media/footer/2100656_Main_DE.pdf","id":"tuvqr"},{"alt":"Händler des Jahres","id":"webshopaward"},{"alt":"European Association of E-Pharmacies","href":"https://www.eaep.com/de/","id":"eaep"},{"alt":"Klik om te controleren of deze website legal handelt","href":"https://www.aanbiedersmedicijnen.nl/aanbieders/aanbiederslijst/shop-apotheke-b-v/index","id":"download"},{"alt":"VET","href":"https://www.cbg-meb.nl/onderwerpen/bd-internethandel-diergeneesmiddelen","id":"vet"}],"uspBoxItems":[{"headline":"E-Rezept","imageData":{"src":"https://cdn.sa-tech.de/homeone/main/_next/static/media/e-prescription.676e7acf.png","height":288,"width":288,"blurDataURL":"data:image/png;base64,iVBORw0KGgoAAAANSUhEUgAAAAgAAAAICAMAAADz0U65AAAANlBMVEVMaXG+q0mVgzJ/cjcGBwDHs1PXwEx3cyn46VomJBjdxVHJskyDczLIs06wnkbLt0uWilvr0VD7nuMJAAAAEnRSTlMAyB5fIu6cCQgvinJ+lYKL1Pm2qNyGAAAACXBIWXMAABYlAAAWJQFJUiTwAAAANklEQVR4nD2KWw4AEBDEBsusN/e/rKyIfjVNgQ9JKgFkkbAGQPG+xm4lFLeTSUsuTruVeufHASZbAQ4B8ARDAAAAAElFTkSuQmCC","blurWidth":8,"blurHeight":8},"label":"Schnelle Lieferung direkt zu Ihnen nach Hause\u003csup\u003e25\u003c/sup\u003e"},{"headline":"Riesen-Auswahl","icon":"productRange","isIllustration":true,"label":"über 100.000 Produkte"},{"headline":"Versandkostenfrei","icon":"freeDelivery","isIllustration":true,"label":"ab 19€ oder mit Rezept⁸"}],"footerCmsData":{"schema":"fock.Block","tenant":"com","locale":"de","code":"footer","data":{"schema":"cms.block.Footer","categories":{"title":"Kategorien Ihrer Online-Apotheke","items":[{"schema":"cms.component.Menu","title":"Arzneimittel \u0026 Gesundheit","items":[{"schema":"cms.component.MenuAction","title":"Vitamine \u0026 Mineralstoffe","href":"/vitamine-mineralstoffe-enzyme/"},{"schema":"cms.component.MenuAction","title":"Magen \u0026 Darm","href":"/magen-darm/"},{"schema":"cms.component.MenuAction","title":"Erkältung \u0026 Grippe","href":"/erkaeltung/"},{"schema":"cms.component.MenuAction","title":"Schmerzen","href":"/schmerzmittel/"}]},{"schema":"cms.component.Menu","title":"Baby \u0026 Familie","items":[{"schema":"cms.component.MenuAction","title":"Kindergesundheit","href":"/babygesundheit/"},{"schema":"cms.component.MenuAction","title":"Pflegeprodukte fürs Kind","href":"/babypflege/"},{"schema":"cms.component.MenuAction","title":"Kinderwunsch","href":"/kinderwunsch/"},{"schema":"cms.component.MenuAction","title":"Schwangerschaft","href":"/schwangerschaft/"}]},{"schema":"cms.component.Menu","title":"Beauty \u0026 Pflege","items":[{"schema":"cms.component.MenuAction","title":"Gesichtspflege","href":"/gesicht/"},{"schema":"cms.component.MenuAction","title":"Körperpflege","href":"/koerper/"},{"schema":"cms.component.MenuAction","title":"Sonne \u0026 Schutz","href":"/sonnenschutz/"},{"schema":"cms.component.MenuAction","title":"Beauty Specials","href":"/beauty-pflege-specials/"}]},{"schema":"cms.component.Menu","title":"Bücher ","items":[{"schema":"cms.component.MenuAction","title":"Ernährung","href":"/ernaehrungsbuecher/"},{"schema":"cms.component.MenuAction","title":"Baby \u0026 Familie","href":"/baby-familie-buecher/ "},{"schema":"cms.component.MenuAction","title":"Körper \u0026 Geist","href":"/koerper-geist-buecher/"},{"schema":"cms.component.MenuAction","title":"Ratgeber Gesundheit","href":"/ratgeber-gesundheit-buecher/"}]},{"schema":"cms.component.Menu","title":"Ernährung \u0026 Abnehmen","items":[{"schema":"cms.component.MenuAction","title":"Abnehmen","href":"/abnehmen/"},{"schema":"cms.component.MenuAction","title":"Ernährung","href":"/ernaehrung/"},{"schema":"cms.component.MenuAction","title":"Getränke","href":"/getraenke/"},{"schema":"cms.component.MenuAction","title":"Superfoods","href":"/superfood/"}]},{"schema":"cms.component.Menu","title":"Homöopathie","items":[{"schema":"cms.component.MenuAction","title":"Bachblüten","href":"/homoeopathie-bachblueten/"},{"schema":"cms.component.MenuAction","title":"Einzelmittel","href":"/einzelmittel/"},{"schema":"cms.component.MenuAction","title":"Homöopathisch","href":"/homoeopathisch/"},{"schema":"cms.component.MenuAction","title":"Schüßler-Salze","href":"/schuessler-salze/"}]},{"schema":"cms.component.Menu","title":"Hygiene \u0026 Haushalt","items":[{"schema":"cms.component.MenuAction","title":"Intim- \u0026 Körperhygiene ","href":"/intimhygiene-koerperhygiene/"},{"schema":"cms.component.MenuAction","title":"Menstruationsprodukte","href":"/menstruationsprodukte/"},{"schema":"cms.component.MenuAction","title":"Haushalts- \u0026 Reinigungsgeräte","href":"/haushaltsgeraete-reinigungsgeraete/"},{"schema":"cms.component.MenuAction","title":"Haushaltsmittel","href":"/haushaltsmittel/"}]},{"schema":"cms.component.Menu","title":"Sanitätshaus","items":[{"schema":"cms.component.MenuAction","title":"Aufbaunahrung \u0026 Sondennahrung","href":"/aufbaunahrung/"},{"schema":"cms.component.MenuAction","title":"Inkontinenz","href":"/blasenschwaeche-inkontinenz/"},{"schema":"cms.component.MenuAction","title":"Pflegebedarf","href":"/krankenpflege/"},{"schema":"cms.component.MenuAction","title":"Mobilität","href":"/mobilitaet/"}]},{"schema":"cms.component.Menu","title":"Sport \u0026 Fitness","items":[{"schema":"cms.component.MenuAction","title":"Sportlernährstoffe","href":"/sportler-naehrstoffe/"},{"schema":"cms.component.MenuAction","title":"Aminosäuren","href":"/sport-und-fitness-aminosaeuren/"},{"schema":"cms.component.MenuAction","title":"Proteinpulver \u0026 Shakes","href":"/sportnahrung-mit-proteinen/"},{"schema":"cms.component.MenuAction","title":"Ausdauer \u0026 Energie","href":"/ausdauer-energie/"}]},{"schema":"cms.component.Menu","title":"Tierapotheke \u0026 Tierbedarf","items":[{"schema":"cms.component.MenuAction","title":"Hund","href":"/medikamente-fuer-hunde/"},{"schema":"cms.component.MenuAction","title":"Katze","href":"/medikamente-fuer-katzen/"},{"schema":"cms.component.MenuAction","title":"Pferd","href":"/medikamente-fuer-pferde/"},{"schema":"cms.component.MenuAction","title":"Klein- \u0026 Nagetiere","href":"/medikamente-fuer-nager/"}]}]},"links":[{"schema":"cms.component.Menu","title":"FAQ \u0026 Kontakt","items":[{"schema":"cms.component.MenuAction","title":"FAQ","href":"/faq.htm"},{"schema":"cms.component.MenuAction","title":"Kontakt","href":"/versandapotheke_kontakt.htm"},{"schema":"cms.component.MenuAction","title":"Versand","href":"/faq.htm#f02"},{"schema":"cms.component.MenuAction","title":"Versandkosten","href":"/lp/versandkosten/"},{"schema":"cms.component.MenuAction","title":"Now! Versand","href":"/now/"},{"schema":"cms.component.MenuAction","title":"E-Rezept","href":"/e-rezept-einloesen/"},{"schema":"cms.component.MenuAction","title":"Pharmakovigilanz","href":"/faq.htm#frage-4-6"},{"schema":"cms.component.MenuAction","title":"Medizinproduktesicherheit","href":"/faq.htm#f05"}]},{"schema":"cms.component.Menu","title":"Unternehmen","items":[{"schema":"cms.component.MenuAction","title":"Über uns","href":"/about.htm"},{"schema":"cms.component.MenuAction","title":"Corporate Website","href":"https://www.redcare-pharmacy.com/de/ueber-uns"},{"schema":"cms.component.MenuAction","title":"Retail Media","href":"https://retailmedia.redcare-pharmacy.com/de/home"},{"schema":"cms.component.MenuAction","title":"Jobs \u0026 Karriere","href":"https://www.redcare-pharmacy.com/de/careers"},{"schema":"cms.component.MenuAction","title":"Partner werden","href":"/partner/"},{"schema":"cms.component.MenuAction","title":"RedPoints","href":"/nx/redpoints/"},{"schema":"cms.component.MenuAction","title":"Unsere Apps","href":"/lp/shop-apotheke-app/"},{"schema":"cms.component.MenuAction","title":"Unsere Eigenmarken","href":"/lp/eigenmarken/ "}]},{"schema":"cms.component.Menu","title":"Rechtliches","items":[{"schema":"cms.component.MenuAction","title":"Nutzung und Haftung","href":"/apotheke_haftung.htm"},{"schema":"cms.component.MenuAction","title":"AGB","href":"/versandapotheke_agb.htm"},{"schema":"cms.component.MenuAction","title":"Widerruf","href":"/versandapotheke_agb.htm#widerruf"},{"schema":"cms.component.MenuAction","title":"Datenschutz","href":"/datenschutz.htm"},{"schema":"cms.component.MenuAction","title":"Cookie-Einstellungen","href":"javascript:UC_UI.showSecondLayer();"},{"schema":"cms.component.MenuAction","title":"Impressum","href":"/apotheke_impressum.htm"}]}]}}},"headerData":{"appsFlyerData":{"key":"eef8ccbe-6809-43a5-b3f8-c15c312f2e88"},"cmsMenu":{"schema":"cms.block.Menu","items":[{"schema":"cms.component.Menu","title":"Kategorien","icon":"hamburger","items":[{"schema":"cms.component.Menu","title":"Wir empfehlen","tags":["highlighted"],"items":[{"schema":"cms.component.MenuAction","title":"Rezept einlösen","icon":"redeemRecipe","href":"/e-rezept-einloesen/"},{"schema":"cms.component.MenuAction","title":"Unsere Eigenmarken","href":"/lp/eigenmarken/"},{"schema":"cms.component.MenuAction","title":"Top Angebote","href":"/angebote/"},{"schema":"cms.component.MenuAction","title":"Aktionen \u0026 Sets","href":"/gratis-aktionen/"},{"schema":"cms.component.MenuAction","title":"Ergänzungsfuttermittel für Tiere","href":"/aktion-vier/"},{"schema":"cms.component.MenuAction","title":"Naturkosmetik","href":"/nachhaltigkeit-naturkosmetik/"},{"schema":"cms.component.MenuAction","title":"Weihnachtliche Geschenkideen","href":"/geschenkideen/ "},{"schema":"cms.component.MenuAction","title":"Kontaktlinsen","icon":"contactLenses","href":"/kontaktlinsen/"},{"schema":"cms.component.MenuAction","title":"RedPoints Aktionen","icon":"redpoints","href":"/redpoints-promotions/"},{"schema":"cms.component.MenuAction","title":"Now! Produkte","icon":"new","href":"/now/"},{"schema":"cms.component.MenuAction","title":"Online-Arzt-Service","icon":"ods","href":"/online-arzt-service.htm"},{"schema":"cms.component.MenuAction","title":"Kontakt","href":"/versandapotheke_kontakt.htm"}]},{"schema":"cms.component.Menu","title":"Unsere Kategorien","items":[{"schema":"cms.component.MenuAction","title":"Arzneimittel \u0026 Gesundheit","href":"/arzneimittel/","tags":["expandable"]},{"schema":"cms.component.MenuAction","title":"Baby \u0026 Familie","href":"/baby-und-familie/","tags":["expandable"]},{"schema":"cms.component.MenuAction","title":"Beauty \u0026 Pflege","href":"/beautyprodukte-und-pflegeprodukte/","tags":["expandable"]},{"schema":"cms.component.MenuAction","title":"Bio \u0026 Naturprodukte","href":"/bio-naturprodukte/","tags":["expandable"]},{"schema":"cms.component.MenuAction","title":"Bücher","href":"/buecher/","tags":["expandable"]},{"schema":"cms.component.MenuAction","title":"Ernährung \u0026 Abnehmen","href":"/ernaehrung-sport-abnehmen/","tags":["expandable"]},{"schema":"cms.component.MenuAction","title":"Homöopathie","href":"/homoeopathie-naturprodukte/","tags":["expandable"]},{"schema":"cms.component.MenuAction","title":"Hygiene \u0026 Haushalt","href":"/hygiene-haushalt/"},{"schema":"cms.component.MenuAction","title":"Nachhaltigkeit","href":"/nachhaltigkeit/","tags":["expandable"]},{"schema":"cms.component.MenuAction","title":"Sanitätshaus","href":"/sanitaetshaus/"},{"schema":"cms.component.MenuAction","title":"Sport \u0026 Fitness","href":"/sport-fitness/","tags":["expandable"]},{"schema":"cms.component.MenuAction","title":"Tierapotheke \u0026 Tierbedarf","href":"/tierapotheke/","tags":["expandable"]}]},{"schema":"cms.component.Menu","title":"Auch interessant","items":[{"schema":"cms.component.MenuAction","title":"Markenshops","href":"/markenshops/"},{"schema":"cms.component.MenuAction","title":"Shop Apotheke Ratgeber","href":"/ratgeber/"},{"schema":"cms.component.MenuAction","title":"Medikamenten-Lexikon","href":"/medikamenten-lexikon/"},{"schema":"cms.component.MenuAction","title":"Das E-Rezept","href":"/e-rezept-einloesen/"},{"schema":"cms.component.MenuAction","title":"Familien Magazin","href":"/magazin/familie/"},{"schema":"cms.component.MenuAction","title":"RedPoints","href":"/nx/redpoints/"},{"schema":"cms.component.MenuAction","title":"Gutscheine","href":"/lp/gutscheine/"},{"schema":"cms.component.MenuAction","title":"Medikations-App","href":"/medikamenten-app/"},{"schema":"cms.component.MenuAction","title":"Unsere App downloaden und 10 % sparen⁴","href":"/lp/shop-apotheke-app/"},{"schema":"cms.component.MenuAction","title":"Wechselwirkungscheck","href":"/wechselwirkungen"}]}]},{"schema":"cms.component.MenuSeparator"},{"schema":"cms.component.MenuAction","title":"Arzneimittel","href":"/arzneimittel/"},{"schema":"cms.component.MenuAction","title":"Familie","href":"/baby-und-familie/"},{"schema":"cms.component.MenuAction","title":"Beauty \u0026 Pflege","href":"/beautyprodukte-und-pflegeprodukte/"},{"schema":"cms.component.MenuAction","title":"Sanitätshaus","href":"/sanitaetshaus/"},{"schema":"cms.component.MenuAction","title":"Angebote","href":"/angebote/"},{"schema":"cms.component.MenuAction","title":"RedPoints","href":"/nx/redpoints/"},{"schema":"cms.component.MenuSpacer"},{"schema":"cms.component.MenuAction","title":"Rezept einlösen","href":"/e-rezept-einloesen/"},{"schema":"cms.component.StickyBanner","id":"CRO-4130","title":"\u003cp\u003e\u003cstrong\u003eBlack Weeks\u003c/strong\u003e\u0026nbsp;bei Shop Apotheke\u003c/p\u003e\n","subtitle":"\u003cp\u003e\u003cstrong\u003eBis zu 70 % Rabatt sichern!\u003csup\u003e2\u003c/sup\u003e\u003c/strong\u003e\u003c/p\u003e\n","imgUrl":"/banner/sticky/COM_AT-CB-Banner-90x90-generic.png","imgAlt":"Black Weeks bei Shop Apotheke","type":"generic","voucherCode":"flash2410","linkText":"Jetzt sparen","linkUrl":"/lp/black-friday/","startDate":"2024-11-09T00:00:00+01:00","endDate":"2024-11-23T23:59:59+01:00","color":"#ffffff","accentColor":"#ffffff","backgroundColor":"#2b140e","blackList":"/lp/black-friday/"},{"schema":"cms.component.StickyBanner","id":"CRO-4265","title":"\u003cp\u003e\u003cstrong\u003eBlack Weeks: 10 % im Shop\u003csup\u003e10\u003c/sup\u003e Code: bw2411\u003c/strong\u003e\u003c/p\u003e\n","subtitle":"\u003cp\u003e\u003cstrong\u003eoder 15 % in der App\u003csup\u003e20\u003c/sup\u003e Code: bwapp2411\u003c/strong\u003e\u003c/p\u003e\n","imgUrl":"/banner/sticky/voucher-10.png","imgAlt":" Sichern Sie sich jetzt 10% Rabatt - in der App erhalten Sie sogar 15%!","type":"generic","voucherCode":"flash2410","linkText":"Jetzt sparen","linkUrl":"/lp/black-friday/","startDate":"2024-11-24T00:00:03+01:00","endDate":"2024-12-01T23:59:59+01:00","color":"#ffffff","accentColor":"#ffffff","backgroundColor":"#2b140e","blackList":"/lp/black-friday/"},{"schema":"cms.component.StickyBanner","id":"CRO-4265","title":"\u003cp\u003e\u003cstrong\u003eBlack Weeks: 10 % im Shop\u003csup\u003e10\u003c/sup\u003e Code: bw2411\u003c/strong\u003e\u003c/p\u003e\n","subtitle":"\u003cp\u003e\u003cstrong\u003eoder 15 % in der App\u003csup\u003e20\u003c/sup\u003e Code: bwapp2411\u003c/strong\u003e\u003c/p\u003e\n","imgUrl":"/banner/sticky/voucher-10.png","imgAlt":" Sichern Sie sich jetzt 10% Rabatt - in der App erhalten Sie sogar 15%!","type":"countdown","voucherCode":"bw2411","linkText":"Jetzt runterladen","linkUrl":"/lp/shop-apotheke-app/","startDate":"2024-12-01T00:00:01+01:00","endDate":"2024-12-02T23:59:59+01:00","color":"#ffffff","accentColor":"#ffffff","backgroundColor":"#2b140e","blackList":"/lp/black-friday/"},{"schema":"cms.component.StickyBanner","id":"CRO-3906","title":"\u003cp\u003e\u003cb\u003eJetzt App downloaden und sparen.\u003c/b\u003e\u003c/p\u003e\n","subtitle":"\u003cp\u003e\u003cstrong\u003e10 % sparen\u003c/strong\u003e in der App\u003csup\u003e4\u003c/sup\u003e – Code: appde10\u003c/p\u003e\n","imgUrl":"/banner/sticky/com-countdown-appde_90x90.png","imgAlt":"App downloaden und sparen!","type":"generic","linkText":"Jetzt runterladen","linkUrl":"/lp/shop-apotheke-app/","startDate":"2024-10-29T10:58:51+01:00","endDate":"2024-11-07T10:49:34+01:00","color":"#2b140e","accentColor":"#2b140e","backgroundColor":"#ffeee8"},{"schema":"cms.component.StickyBanner","id":"CRO-4131","title":"\u003cp\u003e\u003cb\u003e20 % auf die Redcare Top20\u0026nbsp;\u003c/b\u003e\u003csup\u003ea)\u003c/sup\u003e\u003c/p\u003e\n","subtitle":"\u003cp class=\"p1\"\u003e\u003cspan class=\"s1\"\u003eMit dem Code: RedcareTop20\u003c/span\u003e\u003c/p\u003e\n","imgUrl":"/banner/sticky/com_at-top20-banner-90x90.png","imgAlt":"RedcareTop20","type":"generic","linkText":"Jetzt sparen","linkUrl":"/search.htm?\u0026q=08106101%2008106104%2008106421%2008107233%2008107238%2008107252%2008107254%2008107256%2008107257%2008107271%2008108265%2008108384%2008108796%2008109269%2008109462%2008109746%2008109747%2008109749%2008109751%2008109753%2008109761%2008109855%2008109856%2008109857%2008109859%2008109860%2008109866%2008110873%2008110874%2008110890%2008111881%2008111882%2015893535%2016013200%2016599625%2016623944%2016732403%2016764691%2016805562%2017284148%2017368046%2017387954%2017396686%2017617791%2018048562%2018229789%2018300010%2018300027%2018362910%2018369065%2018669577%2019196431%2019204627%2019280947\u0026searchChannel=algolia\u0026userToken=anonymous-daf65ed2-c22b-43b9-9cdb-a4e48e63feeb","startDate":"2024-10-15T10:51:14+01:00","endDate":"2024-11-07T23:59:00+01:00","color":"#2b140e","accentColor":"#ed0334","backgroundColor":"#ffeee8"}]},"headerExtension":{"href":"/e-rezept-einloesen/","icon":"prescription"},"menuLinks":{"center":[{"color":"red","href":"/nx/newsletter/","id":"newsletter","text":"Newsletter - 5€ Gutschein"},{"color":"blue","href":"/online-arzt-service.htm","id":"ods","text":"Online-Arzt"},{"color":"blue","href":"/lp/gutscheine/","id":"vouchers","text":"Gutscheine"},{"color":"blue","href":"/premium-lieferung/","id":"now-delivery","text":"Unser Now! Service"}],"right":[{"href":"/faq.htm","id":"faq","text":"FAQ"},{"href":"/versandapotheke_kontakt.htm","id":"contact","text":"Kontakt"},{"href":"/about.htm","id":"about","text":"Über uns"}]},"redcareOwnBrandsBanner":{"de-DE":{"href":"/search.htm?b=1\u0026q=redcare","src":"/media/content/150x300/redcare.jpg"}},"shopLogos":{"desktop":{"src":"https://cdn.sa-tech.de/homeone/main/_next/static/media/logo-COM-rebranding.d38cb33a.svg","height":70,"width":180,"blurWidth":0,"blurHeight":0},"mobile":{"src":"https://cdn.sa-tech.de/homeone/main/_next/static/media/logo-COM-rebranding.d38cb33a.svg","height":22,"width":180,"blurWidth":0,"blurHeight":0}}}},"adServerConfig":{"adServerClientSrc":"https://cdn.sa-tech.de/fock/retail/main.js"},"adServerTargeting":{"context":{"expa":"direct","language":"de","tenant":"com","cbp":true,"experiments":[],"manufacturerCode":"A036260","pageType":"product","pzn":"10044240","rx":false,"secondLevelCategories":["csd07720","csd00852","csd00061","csd02760"],"upid":"10044240"},"keywords":[]},"deviceInfo":{"deviceType":"desktop","isDesktop":true,"isMobile":false,"isTablet":false},"expa":null,"experiments":[{"isEnabled":true,"name":"ad-ba","variables":{"f":1},"variant":"v1"},{"isEnabled":true,"name":"ad-se","variables":{"f":1},"variant":"v1"},{"isEnabled":true,"name":"ad-se-ext","variables":{"f":1},"variant":"v1"},{"isEnabled":true,"name":"ad-server","variables":{"f":1},"variant":"default"},{"isEnabled":true,"name":"ad-xs","variables":{"f":1},"variant":"v1"},{"isEnabled":true,"name":"cro-1905","variables":{"f":1},"variant":"v1"},{"isEnabled":true,"name":"cro-2119","variables":{"f":1},"variant":"v4"},{"isEnabled":true,"name":"cro-2500","variables":{"f":1},"variant":"v3"},{"isEnabled":true,"name":"cro-2640","variables":{"f":1},"variant":"v1"},{"isEnabled":true,"name":"cro-3214","variables":{"f":1},"variant":"v2"},{"isEnabled":true,"name":"cro-3300","variables":{"f":1},"variant":"v1"},{"isEnabled":true,"name":"cro-3791","variables":{"f":1},"variant":"v2"},{"isEnabled":true,"name":"erx-adyen-mp","variables":{},"variant":"default"},{"isEnabled":true,"name":"erx-now","variables":{},"variant":"default"},{"isEnabled":true,"name":"ratepay","variables":{"f":1},"variant":"default"},{"isEnabled":true,"name":"ratepay-otc","variables":{"f":1},"variant":"default"},{"isEnabled":true,"name":"rebranding-com","variables":{},"variant":"v1"},{"isEnabled":true,"name":"release-switch","variables":{"cart-cta-delayed":false,"erx":true,"marketplace":true,"mp-cross-sell":false,"now":true,"sae-only":true},"variant":"default"},{"isEnabled":true,"name":"variant-attributes","variables":{"enabled":true,"f":1},"variant":"v1"},{"isEnabled":true,"name":"wscnl-6500","variables":{"f":1},"variant":"default"},{"isEnabled":true,"name":"wscnl-7291","variables":{},"variant":"v1"},{"isEnabled":true,"name":"wscnl-7469","variables":{"f":1},"variant":"v1"},{"isEnabled":true,"name":"wscnl-8358","variables":{},"variant":"v1"},{"isEnabled":true,"name":"wserx-175","variables":{"f":1},"variant":"default"},{"isEnabled":true,"name":"wserx-199","variables":{"f":1},"variant":"v1"},{"isEnabled":true,"name":"wserx-424","variables":{"f":1},"variant":"v2"},{"isEnabled":true,"name":"wserx-532","variables":{"f":1},"variant":"v1"},{"isEnabled":true,"name":"wsssh-1561","variables":{"f":"1"},"variant":"v1"},{"isEnabled":true,"name":"wsssh-2348","variables":{"f":1},"variant":"default"},{"isEnabled":true,"name":"wsssh-3182","variables":{"f":1},"variant":"v1"},{"isEnabled":true,"name":"wsssh-3635","variables":{"f":1},"variant":"v1"},{"isEnabled":true,"name":"wstra-2462","variables":{},"variant":"default"},{"isEnabled":true,"name":"wstra-4872","variables":{"f":1},"variant":"v1"},{"isEnabled":true,"name":"wstra-8176","variables":{"f":1},"variant":"v1"},{"isEnabled":true,"name":"wstra-8615","variables":{},"variant":"default"}],"gtmConfig":{"gtmId":"GTM-PVRM45G"},"isWebview":false,"pageType":"product","publicFeatureToggles":{"redpoints.active":true,"useErxBonusLpNewDesign":false,"saeConversationalChat":true,"oneTimePasswordLoginEnabled":true},"publicGlobalConfig":{"shopEnv":"prod","tenant":"com","tenantAndEnv":"com","assetsPrefix":"https://cdn.sa-tech.de/homeone/main","bullyUrl":"/homeone/api/bully","cdn":{"url":"https://cdn.shop-apotheke.com"},"deploymentStage":"production","discountBoundaries":{"max":null,"min":5},"language":"de","languages":["de"],"locale":"de-DE","mediaServerUrl":"https://static.shop-apotheke.com","shopUrl":"https://www.shop-apotheke.com","superScripts":{"avp":1,"bonus":7,"saving":2,"supNoteNumber":2,"voucher":28},"timeZone":"Europe/Berlin"},"seoGlobalConfig":{"globalJsonLd":{"@context":"https://schema.org","@graph":[{"@type":"WebSite","name":"shop-apotheke.com","potentialAction":{"@type":"SearchAction","query-input":{"@type":"PropertyValueSpecification","valueName":"search_term_string","valueRequired":"https://schema.org/True"},"target":{"@type":"EntryPoint","urlTemplate":"https://www.shop-apotheke.com/search.htm?q={search_term_string}"}},"url":"https://www.shop-apotheke.com"},{"@type":"Organization","contactPoint":[{"@type":"ContactPoint","areaServed":"DE","contactOption":"TollFree","contactType":"customer service","telephone":"+49 800 200 800 300"}],"logo":"https://www.shop-apotheke.com/webclient/assets/logo-COM-desktop.svg","name":"Shop-Apotheke","sameAs":["https://www.facebook.com/shop.apotheke.com/","https://www.youtube.com/shop-apotheke/","https://www.instagram.com/shopapothekecom/","https://shop-apotheke-europe.com/de/"],"url":"https://www.shop-apotheke.com"}]},"links":[{"href":"/media/favicon.ico","key":"shortcut icon","rel":"shortcut icon","type":"image/x-icon"},{"href":"/mobile/pix/icons/apple-icon.png","key":"apple-touch-icon","rel":"apple-touch-icon"},{"href":"/mobile/pix/icons/apple-icon-57x57.png","key":"apple-touch-icon-57x57","rel":"apple-touch-icon","sizes":"57x57"},{"href":"/mobile/pix/icons/apple-icon-60x60.png","key":"apple-touch-icon-60x60","rel":"apple-touch-icon","sizes":"60x60"},{"href":"/mobile/pix/icons/apple-icon-72x72.png","key":"apple-touch-icon-72x72","rel":"apple-touch-icon","sizes":"72x72"},{"href":"/mobile/pix/icons/apple-icon-76x76.png","key":"apple-touch-icon-76x76","rel":"apple-touch-icon","sizes":"76x76"},{"href":"/mobile/pix/icons/apple-icon-114x114.png","key":"apple-touch-icon-114x114","rel":"apple-touch-icon","sizes":"114x114"},{"href":"/mobile/pix/icons/apple-icon-120x120.png","key":"apple-touch-icon-120x120","rel":"apple-touch-icon","sizes":"120x120"},{"href":"/mobile/pix/icons/apple-icon-144x144.png","key":"apple-touch-icon-144x144","rel":"apple-touch-icon","sizes":"144x144"},{"href":"/mobile/pix/icons/apple-icon-152x152.png","key":"apple-touch-icon-152x152","rel":"apple-touch-icon","sizes":"152x152"},{"href":"/mobile/pix/icons/apple-icon-180x180.png","key":"apple-touch-icon-180x180","rel":"apple-touch-icon","sizes":"180x180"},{"href":"/manifest.json","key":"manifest","rel":"manifest"},{"href":"https://widgets.trustedshops.com","key":"preconnect-trustedshops","rel":"preconnect"}],"metas":[{"content":"noodp","key":"robots","name":"robots"},{"content":"telephone=no","key":"format-detection","name":"format-detection"},{"content":"www.shop-apotheke.com","key":"author","name":"author"},{"content":"www.shop-apotheke.com","key":"og:site_name","name":"og:site_name"},{"content":"https://www.shop-apotheke.com/webclient/assets/logo-COM-desktop.svg","key":"og:image","property":"og:image"},{"content":"https://www.shop-apotheke.com/webclient/assets/logo-COM-desktop.svg","key":"twitter:image","name":"twitter:image"},{"content":"@shopapothekecom","key":"twitter:site","name":"twitter:site"}],"seoShopName":"Shop Apotheke"},"crossSellConfig":{"exceptionFlags":null,"widgets":{"CROSS_SELL_MY_ACCOUNT_OVERVIEW":{"id":348},"CROSS_SELL_OWN_BRANDS_MY_ACCOUNT_OVERVIEW":{"id":529},"CROSS_SELL_PDP_BUY_TOGETHER_WITH":{"id":296},"CROSS_SELL_PDP_CENTER_SLIDER":{"id":297},"CROSS_SELL_PDP_CENTER_SLIDER_GGLP_FIRST_IMPRESSION":{"id":323},"CROSS_SELL_PDP_OUT_OF_STOCK_CENTER_SLIDER":{"id":298},"CROSS_SELL_PDP_RX_CENTER_SLIDER":{"id":324},"CROSS_SELL_PDP_SELLER_INFORMATION":{"id":327}}},"experimentBreadCrumbs":{"desktop":[{"item":"https://www.shop-apotheke.com/","name":"Home"},{"item":"https://www.shop-apotheke.com/homoeopathie-naturprodukte/","name":"Homöopathie"},{"item":"https://www.shop-apotheke.com/homoeopathie-kinder/","name":"Homöopathie für Kinder"},{"item":"https://www.shop-apotheke.com/homoeopathie-erkaeltung-grippe-kinder/","name":"Erkältung \u0026 Grippe"}],"mobile":[{"item":"https://www.shop-apotheke.com/","name":"Home"},{"item":"https://www.shop-apotheke.com/homoeopathie-naturprodukte/","name":"Homöopathie"},{"item":"https://www.shop-apotheke.com/homoeopathie-kinder/","name":"Homöopathie für Kinder"},{"item":"https://www.shop-apotheke.com/homoeopathie-erkaeltung-grippe-kinder/","name":"Erkältung \u0026 Grippe"}]},"firstImpression":false,"gtmDataProps":{"gtmApiUrl":"/homeone/api/bully/de/gtmDataLayer/v1/com/events/product/?offerIds=COM10044240\u0026upids=10044240","gtmDataToPush":[{"app":{"env":"production","name":"fock","version":"1"},"countryCode":"DE","econda":{"countryid":"com","siteId":"www.shop-apotheke.com"},"languageCode":"de","navigation":{"content":"Produktdetailseite/10044240","deepLink":"/homoeopathie/10044240/bronchobini.htm","domain":"www.shop-apotheke.com","pageId":"Produktdetailseite","pageNumber":"1","requestUrl":"https%3A%2F%2Fwww.shop-apotheke.com%2Fhomoeopathie%2F10044240%2Fbronchobini.htm","siteType":"product"},"request":{"adword":"NULL","cmd":"NULL","newsletter":"NULL","product":"NULL","quantity":"NULL"}}]},"isMeetergoSchedulingEnabled":true,"localeMessages":{"address.error.zip.invalid":[{"type":0,"value":"Bitte geben Sie eine gültige Postleitzahl an."}],"advertisingFlyoutBanner.altText":[{"type":0,"value":"Advertisingflyoutbanner"}],"advertisingFlyoutBanner.buttonText":[{"type":0,"value":"Jetzt entdecken und sparen"}],"changeEmail.errorMessage.general":[{"type":0,"value":"Es trat ein unerwarteter Fehler auf, bitte versuchen Sie es später nochmal."}],"checkout.error.requestBody.validation.email.login":[{"type":0,"value":"Jetzt anmelden"}],"errorPages.404.categories.headline":[{"type":0,"value":"Hier finden Sie stattdessen unsere Kategorien"}],"errorPages.404.headline":[{"type":0,"value":"Entschuldigung!"}],"errorPages.404.label":[{"type":0,"value":"Wir konnten die Seite, die Sie suchen, leider nicht finden."}],"footer.flag.alt.austria":[{"type":0,"value":"Die Online-Apotheke für Österreich"}],"footer.flag.alt.belgium":[{"type":0,"value":"De online apotheek voor België"}],"footer.flag.alt.france":[{"type":0,"value":"La pharmacie en ligne pour la France"}],"footer.flag.alt.germany":[{"type":0,"value":"Die Online-Apotheke für Deutschland"}],"footer.flag.alt.italy":[{"type":0,"value":"Redcare: i tuoi farmacisti online"}],"footer.flag.alt.switzerland":[{"type":0,"value":"Alles für ein schönes und gesundes Leben!"}],"footer.headline.followUs":[{"type":0,"value":"Folgen Sie uns"}],"footer.headline.links.company":[{"type":0,"value":"Unternehmen"}],"footer.headline.links.help":[{"type":0,"value":"Hilfe \u0026 Kontakt"}],"footer.headline.links.legal":[{"type":0,"value":"Rechtliches"}],"footer.headline.newsletter":[{"type":0,"value":"Newsletter"}],"footer.headline.payments":[{"type":0,"value":"Zahlungsarten"}],"footer.headline.shippings":[{"type":0,"value":"Versandarten"}],"footer.label.country":[{"type":0,"value":"International"}],"footer.label.legal":[{"type":0,"value":"shop-apotheke.com - Ihre TÜV-zertifizierte Online Apotheke!"}],"footer.links.label.about":[{"type":0,"value":"Über uns"}],"footer.links.label.accountability":[{"type":0,"value":"Nutzung und Haftung"}],"footer.links.label.app":[{"type":0,"value":"Unsere Apps"}],"footer.links.label.appstore":[{"type":0,"value":"Laden im Appstore"}],"footer.links.label.cancellation":[{"type":0,"value":"Widerruf"}],"footer.links.label.contact":[{"type":0,"value":"Kontakt"}],"footer.links.label.cowe":[{"type":0,"value":"Corporate Website"}],"footer.links.label.erecipe":[{"type":0,"value":"E-Rezept"}],"footer.links.label.facebook":[{"type":0,"value":"Facebook"}],"footer.links.label.googlePlay":[{"type":0,"value":"Jetzt bei GooglePlay"}],"footer.links.label.help":[{"type":0,"value":"Hilfe"}],"footer.links.label.imprint":[{"type":0,"value":"Impressum"}],"footer.links.label.jobs":[{"type":0,"value":"Jobs \u0026 Karriere"}],"footer.links.label.medizinproduktesicherheit":[{"type":0,"value":"Medizinproduktesicherheit"}],"footer.links.label.partner":[{"type":0,"value":"Partner werden"}],"footer.links.label.pharmakovigilanz":[{"type":0,"value":"Pharmakovigilanz"}],"footer.links.label.privacy":[{"type":0,"value":"Datenschutz"}],"footer.links.label.productReviews":[{"type":0,"value":"Produktbewertungen"}],"footer.links.label.shipping":[{"type":0,"value":"Versand"}],"footer.links.label.shippingCost":[{"type":0,"value":"Versandkosten"}],"footer.links.label.shippingCostNow":[{"type":0,"value":"Now! Versand"}],"footer.links.label.termsOfUse":[{"type":0,"value":"Allgemeine Nutzungsbedingungen,"}],"footer.links.label.youtube":[{"type":0,"value":"YouTube"}],"form.error.input.maxLength":[{"type":0,"value":"Die maximal zulässige Zeichenlänge beträgt "},{"type":1,"value":"maxLength"},{"type":0,"value":" Zeichen"}],"form.error.input.minLength":[{"type":0,"value":"Die minimal zulässige Zeichenlänge beträgt "},{"type":1,"value":"minLength"},{"type":0,"value":" Zeichen"}],"form.error.input.missing":[{"type":0,"value":"Bitte geben Sie den geforderten Wert an."}],"general.button.delete":[{"type":0,"value":"Löschen"}],"general.button.label.addToCart":[{"type":0,"value":"In den Warenkorb"}],"general.button.label.search":[{"type":0,"value":"Suchen"}],"general.crosssell.ownBrandsOnMyAccount":[{"type":0,"value":"Entdecken Sie exklusive Eigenmarken"}],"general.crosssell.popular":[{"type":0,"value":"Beliebte Produkte unserer Kunden"}],"general.crosssell.sellerModal":[{"type":0,"value":"Weitere Produkte des Verkäufers"}],"general.label.dutch":[{"type":0,"value":"Nederlands"}],"general.label.email":[{"type":0,"value":"E-Mail-Adresse"}],"general.label.french":[{"type":0,"value":"Français"}],"general.label.german":[{"type":0,"value":"Deutsch"}],"general.label.goToInfoPage":[{"type":0,"value":"Weiter zur Infoseite"}],"general.label.listPrice":[{"type":0,"value":"AVP/UVP"}],"general.label.loadMoreProducts":[{"type":0,"value":"Weitere Produkte laden"}],"general.label.password":[{"type":0,"value":"Passwort"}],"general.label.placeholder.search":[{"type":0,"value":"z.B. Produkt, Hersteller, Symptom, ..."}],"general.label.placeholder.searchYourProduct":[{"type":0,"value":"Finden Sie Ihr Produkt"}],"general.label.price.from":[{"type":0,"value":"ab"}],"general.label.redPoints":[{"type":0,"value":"RedPoints"}],"general.label.search":[{"type":0,"value":"Suchen"}],"general.label.showAllResults":[{"type":0,"value":"Alle Ergebnisse anzeigen"}],"general.label.sponsored":[{"type":0,"value":"Gesponsert"}],"general.label.subscribe":[{"type":0,"value":"Anmelden"}],"general.label.sustainability":[{"type":0,"value":"Nachhaltigkeit"}],"general.label.toc":[{"type":0,"value":"AGB"}],"general.label.voucherCode":[{"type":0,"value":"Gutscheincode"}],"general.label.wishlist":[{"type":0,"value":"Mein Merkzettel"}],"general.languageSwitch.language":[{"type":0,"value":"Sprache:"}],"general.link.label.back":[{"type":0,"value":"Zurück"}],"general.link.label.close":[{"type":0,"value":"Schließen"}],"general.link.label.login":[{"type":0,"value":"Anmelden"}],"general.link.label.logout":[{"type":0,"value":"Abmelden"}],"general.link.label.newsletter.coupon":[{"type":0,"value":"Newsletter - 5€ Gutschein"}],"general.link.label.onlineDoctorShort":[{"type":0,"value":"Online-Arzt"}],"general.link.label.password.forgotten":[{"type":0,"value":"Passwort vergessen?"}],"general.link.label.registerNow":[{"type":0,"value":"Jetzt registrieren"}],"general.link.label.vouchers":[{"type":0,"value":"Gutscheine"}],"general.newsletterBanner.conditions":[{"type":0,"value":"* Siehe Bedingungen auf der Website"}],"general.newsletterBanner.title":[{"type":0,"value":"Bald startet der Sale! Melden Sie sich jetzt zum Newsletter an und verpassen Sie keine Angebote!"}],"general.noCustomerAccount":[{"type":0,"value":"Noch kein Kundenkonto?"}],"header.extension.long":[{"type":0,"value":"E-Rezept: Schnelle Lieferung direkt zu Ihnen nach Hause"},{"children":[{"type":0,"value":"25"}],"type":8,"value":"sup"}],"header.extension.short":[{"type":0,"value":"E-Rezept: Schnelle Lieferung direkt zu Ihnen nach Hause"},{"children":[{"type":0,"value":"25"}],"type":8,"value":"sup"}],"header.icon.receiptText":[{"type":0,"value":"E-Rezept"}],"header.link.label.contact":[{"type":0,"value":"Kontakt"}],"header.link.label.help":[{"type":0,"value":"FAQ"}],"header.link.label.home":[{"type":0,"value":"Home"}],"header.link.voucher":[{"type":0,"value":"Bis zu 10 € sparen"}],"login.error.badinput":[{"type":0,"value":"E-Mail-Adresse und/oder Passwort sind falsch. Bitte überprüfen Sie Ihre Eingaben."}],"login.modal.description":[{"type":0,"value":"Um diesen Service nutzen zu können, müssen Sie eingeloggt sein."}],"login.otp.requestLoginCode":[{"type":0,"value":"Anmelde-Code anfordern"}],"menubar.AccountFlyout.label.newCustomer":[{"type":0,"value":"Neu hier?"}],"menubar.AccountFlyout.link.MyOrdersAndInvoices":[{"type":0,"value":"Meine Bestellungen/Rechnungen"}],"menubar.AccountFlyout.link.MyOverview":[{"type":0,"value":"Meine Übersicht"}],"menubar.AccountFlyout.link.MyRedpoints":[{"type":0,"value":"Meine RedPoints"}],"menubar.link.label.cart":[{"type":0,"value":"Warenkorb"}],"menubar.link.label.myAccount":[{"type":0,"value":"Mein Konto"}],"navigation.button.label.menu":[{"type":0,"value":"Menü"}],"newsletterBox.benefit.freebies":[{"type":0,"value":"Gratis-Zugaben"}],"newsletterBox.benefit.sale":[{"type":0,"value":"Attraktive Angebote und Rabatte"}],"newsletterBox.benefit.voucher":[{"type":0,"value":"Exklusive Gutscheine und Geschenke"}],"newsletterBox.cta.label.subscribe":[{"type":0,"value":"Anmelden"}],"offcanvas.header.hello":[{"type":0,"value":"Hallo"}],"offcanvas.header.title":[{"type":0,"value":"Startseite"}],"offcanvas.link.loginOrRegister":[{"type":0,"value":"Anmelden oder Registrieren"}],"offcanvas.link.logout":[{"type":0,"value":"Abmelden"}],"offcanvas.link.myApotheke":[{"type":0,"value":"Meine Apotheke"}],"product.attribute.unit.pcs":[{"type":0,"value":"St."}],"product.label.nowExpressDelivery":[{"type":0,"value":"Unser Now! Service"}],"productRating.loginForm.registerLink":[{"type":0,"value":"Hier registrieren"}],"search.crosssell.noResults":[{"type":0,"value":"Das könnte Sie interessieren"}],"searchBox.label.lastSearched":[{"type":0,"value":"Zuletzt gesucht"}],"searchBox.label.popularProducts":[{"type":0,"value":"Beliebte Produkte"}],"searchBox.label.popularSearches":[{"type":0,"value":"Beliebte Suchen"}],"social.links.label.pinterest":[{"type":0,"value":"Pinterest"}],"stickyBanner.coutdown.copied":[{"type":0,"value":"kopiert"}],"stickyBanner.coutdown.day":[{"type":0,"value":"TAG"}],"stickyBanner.coutdown.hour":[{"type":0,"value":"STD"}],"stickyBanner.coutdown.minute":[{"type":0,"value":"MIN"}],"stickyBanner.coutdown.second":[{"type":0,"value":"SEK"}],"uspBox.headline.certificates":[{"type":0,"value":"Zertifizierte"}],"uspBox.headline.ePrescription":[{"type":0,"value":"E-Rezept"}],"uspBox.headline.fastDelivery":[{"type":0,"value":"Schnelle Lieferung"}],"uspBox.headline.hugeSelection":[{"type":0,"value":"Riesen-Auswahl"}],"uspBox.headline.noShippingCosts":[{"type":0,"value":"Versandkostenfrei"}],"uspBox.headline.numberOfCustomers":[{"type":0,"value":"5.5 Millionen Kunden"}],"uspBox.headline.originalProducts":[{"type":0,"value":"Originalprodukte"}],"uspBox.headline.reliableDelivery":[{"type":0,"value":"Zuverlässiger Versand"}],"uspBox.headline.securePayment":[{"type":0,"value":"Sichere Bezahlung"}],"uspBox.label.certificates":[{"type":0,"value":"und Zertifikate"}],"uspBox.label.ePrescription":[{"type":0,"value":"Schnelle Lieferung direkt zu Ihnen nach Hause"},{"children":[{"type":0,"value":"25"}],"type":8,"value":"sup"}],"uspBox.label.fastDelivery":[{"type":0,"value":"in 1-2 Werktagen"}],"uspBox.label.hugeSelection":[{"type":0,"value":"über 100.000 Produkte"}],"uspBox.label.inEurope":[{"type":0,"value":"in ganz Europa"}],"uspBox.label.noShippingCosts":[{"type":0,"value":"ab "},{"type":1,"value":"minAmount"},{"type":0,"value":" oder mit Rezept⁸"}],"uspBox.label.securePayment":[{"type":0,"value":"einfach und schnell"}],"uspBox.label.withSwissPost":[{"type":0,"value":"mit DIE POST"}],"MessageForm.label.message":[{"type":0,"value":"Ihre Nachricht"}],"account.orders.details.collapsible.label.information":[{"type":0,"value":"Weitere Informationen"}],"backInStock.button.activate":[{"type":0,"value":"Benachrichtigung bei Verfügbarkeit"}],"backInStock.label.active":[{"type":0,"value":"Benachrichtigung aktiviert"}],"buyBox.delivery.below.price.label":[{"type":0,"value":"unter "},{"type":1,"value":"minAmount"}],"buyBox.delivery.daysCount":[{"offset":0,"options":{"=0":{"value":[{"type":0,"value":"Lieferung heute"}]},"one":{"value":[{"type":0,"value":"Lieferung am nächsten Werktag"}]},"other":{"value":[{"type":0,"value":"Lieferung in "},{"type":1,"value":"count"},{"type":0,"value":" Werktagen"}]}},"pluralType":"cardinal","type":6,"value":"count"}],"buyBox.delivery.expressPrice":[{"offset":0,"options":{"=0":{"value":[{"type":0,"value":"Expressversand (kostenlos)"}]},"other":{"value":[{"type":0,"value":"Expressversand (ab "},{"type":1,"value":"price"},{"type":0,"value":")"}]}},"pluralType":"cardinal","type":6,"value":"price"}],"buyBox.delivery.forwardAgencyPrice":[{"offset":0,"options":{"=0":{"value":[{"type":0,"value":"Speditionslieferung (kostenlos)"}]},"other":{"value":[{"type":0,"value":"Speditionslieferung (ab "},{"type":1,"value":"price"},{"type":0,"value":")"}]}},"pluralType":"cardinal","type":6,"value":"price"}],"buyBox.delivery.freeDelivery.description":[{"type":0,"value":"Rezeptbestellungen sind bei uns immer versandkostenfrei."}],"buyBox.delivery.freeDelivery.ourTip":[{"children":[{"type":0,"value":"Unser Tipp"}],"type":8,"value":"strong"},{"type":0,"value":": Rezeptfreie Medikamente gleich versandkostenfrei mitbestellen."}],"buyBox.delivery.from.price.label":[{"type":0,"value":"ab "},{"type":1,"value":"minAmount"}],"buyBox.delivery.noCosts.text":[{"type":0,"value":"kostenfrei"}],"buyBox.delivery.samedayPrice":[{"offset":0,"options":{"=0":{"value":[{"type":0,"value":"Same-Day Lieferung (kostenlos)"}]},"other":{"value":[{"type":0,"value":"Same-Day Lieferung (ab "},{"type":1,"value":"price"},{"type":0,"value":")"}]}},"pluralType":"cardinal","type":6,"value":"price"}],"buyBox.delivery.shippingMethod.bpostEvening":[{"type":0,"value":"Abendzustellung"}],"buyBox.delivery.shippingMethod.bpostHome":[{"type":0,"value":"Lieferung"}],"buyBox.delivery.shippingMethod.bpostPoints":[{"type":0,"value":"Paketschließfach"}],"buyBox.delivery.shippingMethod.label":[{"type":0,"value":"Modalitäten"}],"buyBox.delivery.shippingMethod.mondialrelayPickup":[{"type":0,"value":"Abholpunkt"}],"buyBox.delivery.standardPrice":[{"offset":0,"options":{"=0":{"value":[{"type":0,"value":"Standardversand (kostenlos)"}]},"other":{"value":[{"type":0,"value":"Standardversand (ab "},{"type":1,"value":"price"},{"type":0,"value":")"}]}},"pluralType":"cardinal","type":6,"value":"price"}],"buyBox.link.label.aboveFreeShippingLimit":[{"type":0,"value":"Versandkostenfrei"}],"buyBox.link.label.belowFreeShippingLimit":[{"type":0,"value":"Kostenloser Versand ab "},{"type":1,"value":"amount"}],"buyBox.link.label.belowFreeShippingLimitWithLinkMp_ho":[{"children":[{"type":0,"value":"Versandkosten"}],"type":8,"value":"linkToModal"},{"type":0,"value":" ab "},{"type":1,"value":"amount"}],"buyBox.link.label.belowFreeShippingLimitWithLink_ho":[{"type":0,"value":"Kostenloser "},{"children":[{"type":0,"value":"Versand"}],"type":8,"value":"linkToModal"},{"type":0,"value":" ab "},{"type":1,"value":"amount"}],"buyBox.link.label.onlineDoctorService":[{"type":0,"value":"Arzt Service"}],"buyBox.link.label.onlineDoctorService.zava":[{"type":0,"value":"Rezept anfragen"}],"buyBox.link.label.personalAdvice":[{"type":0,"value":"Persönliche Beratung"}],"buyBox.modal.advice.headline":[{"type":0,"value":"Persönliche Beratung zum Produkt"}],"buyBox.modal.delivery.headline":[{"type":0,"value":"Unsere Versandkosten"}],"buyTogetherWith.button.label.addBothToCart":[{"type":0,"value":"Beide Produkte in den Warenkorb"}],"buybox.headLine.packageSize":[{"type":0,"value":"In folgenden Packungsgrößen erhältlich"}],"carrier.type.express":[{"type":0,"value":"Express"}],"carrier.type.sameday":[{"type":0,"value":"Same-Day"}],"carrier.type.spedition":[{"type":0,"value":"Speditionslieferung"}],"carrier.type.standard":[{"type":0,"value":"Standard"}],"chrx.further-info.email-title":[{"type":0,"value":"Per E-Mail"}],"chrx.further-info.email.new":[{"type":0,"value":"redcare@mediservice.ch"}],"chrx.further-info.phone":[{"type":0,"value":"+41 32 686 20 20"}],"chrx.further-info.phone-service.phone-number-placeholder":[{"type":0,"value":"Ihre Telefonnummer"}],"chrx.further-info.phone-service.schedule.08-00-to-11-30":[{"type":0,"value":"08.00 – 11.30 Uhr"}],"chrx.further-info.phone-service.schedule.11-30-to-13-30":[{"type":0,"value":"11.30 – 13.30 Uhr"}],"chrx.further-info.phone-service.schedule.13-30-to-16-30":[{"type":0,"value":"13.30 – 16.30 Uhr"}],"chrx.further-info.phone-service.schedule.16-30-to-18-00":[{"type":0,"value":"16.30 – 18.00 Uhr"}],"chrx.further-info.phone-service.schedule.asap":[{"type":0,"value":"So bald wie möglich"}],"chrx.further-info.phone-service.submit-label":[{"type":0,"value":"Senden"}],"chrx.further-info.phone-service.title":[{"type":0,"value":"Rückruf-Service"}],"chrx.further-info.phone-title":[{"type":0,"value":"Per Telefon"}],"chrx.further-info.title":[{"type":0,"value":"Sie haben weitere Fragen? Wir sind für Sie da!"}],"chrx.further-info.video-service.email":[{"type":0,"value":"E-Mail"}],"chrx.further-info.video-service.schedule.08-00-to-11-30":[{"type":0,"value":"08.00 – 11.30 Uhr"}],"chrx.further-info.video-service.schedule.13-30-to-16-30":[{"type":0,"value":"13.30 – 16.30 Uhr"}],"chrx.further-info.video-service.schedule.asap":[{"type":0,"value":"So bald wie möglich"}],"chrx.further-info.video-service.subject-placeholder":[{"type":0,"value":"Zu welchem Thema möchten Sie beraten werden?"}],"chrx.further-info.video-service.submit-label":[{"type":0,"value":"Senden"}],"chrx.further-info.video-service.title":[{"type":0,"value":"Videoberatung"}],"chrx.messages.validation.email":[{"type":0,"value":"Bitte fügen Sie ein '@' in die E-Mail Adresse ein. Bei '"},{"type":1,"value":"emailValue"},{"type":0,"value":"' fehlt ein '@'."}],"chrx.messages.validation.phone":[{"type":0,"value":"Bitte fügen Sie nur Ziffern in dieses Feld."}],"chrx.messages.validation.required":[{"type":0,"value":"Bitte füllen Sie dieses Feld aus."}],"chrx.product.buyBox.message":[{"type":0,"value":"Diesen Artikel dürfen wir nur gegen Vorlage eines Originalrezeptes versenden (Schweizer Heilmittelgesetz). Wenn Sie ein Rezept von Ihrem Arzt erhalten haben, können Sie dies über unseren MediService einlösen."}],"chrx.product.buyBox.title":[{"type":0,"value":"Rezeptpflichtiges Medikament"}],"chrx.questionnaire.notifications.questionnaire-submitted-successfully":[{"type":0,"value":"Das Online-Formular für Rezepte wurde erfolgreich übermittelt."}],"contact.callSchedulingTool.description":[{"type":0,"value":"Möchten Sie eine Beratung mit unseren"},{"children":[{"type":0,"value":" Pharmazeuten und Experten für Nahrungsergänzungsmittel"}],"type":8,"value":"accentuateHighlight"},{"type":0,"value":"? Wählen Sie jetzt Ihren Termin, um Wartezeit zu vermeiden. Wir rufen Sie für eine 10-minütige Beratung zurück."}],"contact.callSchedulingTool.title":[{"type":0,"value":"Kostenloser Rückruf-Service für pharmazeutische Themen"}],"contraceptive_product.modal.text":[{"type":0,"value":"Bitte beachten Sie, dass die gesetzlichen Krankenkassen die Kosten für das Arzneimittel nur bis zum 22. Geburtstag oder in Ausnahmefällen, wie zur Behandlung einer Hauterkrankung, übernehmen."}],"contraceptive_product.modal.title":[{"type":0,"value":"Verhütungsmittel"}],"error.email.invalid":[{"type":0,"value":"Bitte geben Sie eine gültige E-Mail-Adresse ein."}],"general.button.label.memorise":[{"type":0,"value":"Merken"}],"general.delivery.rx.erx":[{"type":0,"value":"Mit E-Rezept"}],"general.delivery.rx.freeShipping":[{"type":0,"value":"Nach Erhalt Ihres Rezepts\u2028Versandkostenfrei"}],"general.delivery.rx.nextDay":[{"type":0,"value":"Lieferung am nächsten Werktag"}],"general.delivery.rx.nextDayDescription":[{"type":0,"value":"Bei Bestellung Mo.-Fr. bis 18 Uhr \u0026 Sa. bis 13 Uhr\u2028Versandkostenfrei"}],"general.delivery.rx.recipe":[{"type":0,"value":"Mit herkömmlichem Rezept"}],"general.error":[{"type":0,"value":"Ein Fehler ist aufgetreten. Bitte versuchen Sie es später erneut."}],"general.label.Ratings":[{"type":0,"value":"Bewertungen"}],"general.label.ShowAll":[{"type":0,"value":"Alle anzeigen"}],"general.label.ShowAllProducts":[{"type":0,"value":"Alle Produkte anzeigen"}],"general.label.additionalCharge":[{"type":0,"value":"Zuzahlung"}],"general.label.bonus":[{"type":0,"value":"Bonus"}],"general.label.brand":[{"type":0,"value":"Marke"}],"general.label.day.share":[{"type":0,"value":"Teilen"}],"general.label.disclaimer":[{"type":0,"value":"Haftung"}],"general.label.ean":[{"type":0,"value":"EAN"}],"general.label.ereceipt":[{"type":0,"value":"E-Rezept"}],"general.label.firstName":[{"type":0,"value":"Vorname"}],"general.label.guidelines":[{"type":0,"value":"Richtlinien"}],"general.label.italian":[{"type":0,"value":"Italiano"}],"general.label.link.apply":[{"type":0,"value":"Übernehmen"}],"general.label.manufacturer":[{"type":0,"value":"Hersteller"}],"general.label.miraklListPrice":[{"type":0,"value":"Originalpreis"}],"general.label.now.carrier":[{"type":0,"value":"Versand durch:"}],"general.label.now.checkAvailability":[{"type":0,"value":"Liefergebiet und Produktverfügbarkeit prüfen"}],"general.label.now.checkNow":[{"type":0,"value":"Jetzt prüfen und übernehmen"}],"general.label.now.collapsible.error.minimum_value_not_reached":[{"type":0,"value":"Ihnen fehlen "},{"children":[{"type":1,"value":"diffPrice"}],"type":8,"value":"strong"},{"type":0,"value":", bis zum Mindestbestellwert für die Now! Lieferung."}],"general.label.now.collapsible.error.no_available_slot":[{"type":0,"value":"Leider sind derzeit keine freien Now! Liefertermine verfügbar."}],"general.label.now.deliveryCost":[{"type":0,"value":"Versandkosten:"}],"general.label.now.deliveryMessage":[{"type":0,"value":"Garantierte Zustellung"}],"general.label.now.deliveryRedpoints":[{"type":0,"value":"Versandkosten für RedPoints Kunden:"}],"general.label.now.deliveryWindow":[{"type":0,"value":"Zustellfenster:"}],"general.label.now.minimumOrder":[{"type":0,"value":"Mindestbestellwert:"}],"general.label.now.product.deliveryAvailable":[{"type":0,"value":"Lieferung "},{"type":1,"value":"day"},{"type":0,"value":" bis "},{"type":1,"value":"hour"},{"type":0,"value":" Uhr durch Now!\u2028Partnerapotheke"}],"general.label.now.product.deliveryAvailableShort":[{"type":0,"value":"Lieferung "},{"type":1,"value":"day"},{"type":0,"value":" bis "},{"type":1,"value":"hour"},{"type":0,"value":" Uhr"}],"general.label.now.product.pickupAvailable":[{"type":0,"value":"Abholung "},{"type":1,"value":"day"},{"type":0,"value":" ab "},{"type":1,"value":"hour"},{"type":0,"value":" Uhr bei Now! Partnerapotheke"}],"general.label.now.product.pickupAvailableShort":[{"type":0,"value":"Abholung "},{"type":1,"value":"day"},{"type":0,"value":" ab "},{"type":1,"value":"hour"},{"type":0,"value":" Uhr"}],"general.label.now.productNotAvailable":[{"type":0,"value":"Produkt im Liefergebiet aktuell nicht verfügbar"}],"general.label.now.timeleft":[{"type":0,"value":"Noch "},{"type":1,"value":"timeLeft"},{"type":0,"value":" verfügbar"}],"general.label.now.zipAvailable":[{"type":0,"value":"Sie befinden sich im Liefergebiet für eine Now! Lieferung"}],"general.label.now.zipNotAvailable":[{"type":0,"value":"Leider befindet sich Ihre PLZ noch nicht im Liefergebiet für eine Now! Lieferung. Wir arbeiten mit Hochdruck an der Erweiterung des Liefergebiets."}],"general.label.now.zipcode":[{"type":0,"value":"Ihre Postleitzahl"}],"general.label.nowGlobalBar.nowAvailabilityDescription":[{"type":0,"value":"Mit Now! erhalten Sie viele Produkte aus unserem Sortiment besonders schnell. Durch die Zusammenarbeit mit Apotheken in Ihrer Nähe garantieren wir Ihnen je nach Tag und Uhrzeit eine Lieferung Ihrer Bestellung schon am gleichen oder nächsten Tag."}],"general.label.numberOfRatings":[{"type":1,"value":"numberOfRatings"},{"type":0,"value":" Bewertungen"}],"general.label.or":[{"type":0,"value":"oder"}],"general.label.outOfStock":[{"type":0,"value":"Derzeit nicht verfügbar"}],"general.label.pharmaceuticalForm":[{"type":0,"value":"Darreichung"}],"general.label.privacyPolicyAgreement_ho":[{"type":0,"value":"Mit der Verarbeitung meiner personenbezogenen Daten nach Maßgabe des "},{"children":[{"type":0,"value":"Datenschutzes"}],"type":8,"value":"privacyLink"},{"type":0,"value":" bin ich einverstanden."}],"general.label.product.AndAnswers":[{"type":0,"value":"und Antworten"}],"general.label.product.Questions":[{"type":0,"value":"Fragen"}],"general.label.product.available":[{"type":0,"value":"Verfügbar"}],"general.label.product.availableDays":[{"type":0,"value":"Lieferung in 1-3 Werktagen"}],"general.label.product.bundle":[{"type":0,"value":"SPARSET"}],"general.label.product.currentlyNotAvailable":[{"type":0,"value":"Derzeit nicht lieferbar"}],"general.label.product.freebie":[{"type":0,"value":"2 + Geschenk"}],"general.label.product.gratis":[{"type":0,"value":"Aktions-Artikel, nicht separat erhältlich"}],"general.label.product.notInAssortment":[{"type":0,"value":"Nicht im Sortiment"}],"general.label.product.numberOfQuestions":[{"type":1,"value":"numberOfQuestions"},{"type":0,"value":" Fragen und Antworten"}],"general.label.product.numberOfRatings":[{"offset":0,"options":{"one":{"value":[{"type":1,"value":"numberOfRatings"},{"type":0,"value":" Produktbewertung"}]},"other":{"value":[{"type":1,"value":"numberOfRatings"},{"type":0,"value":" Produktbewertungen"}]}},"pluralType":"cardinal","type":6,"value":"numberOfRatings"}],"general.label.product.numberOfRatingsFor":[{"offset":0,"options":{"=0":{"value":[{"type":0,"value":"Keine Produktbewertungen"},{"type":1,"value":"productReviewSuperScript"},{"type":0,"value":" zu "},{"type":1,"value":"productName"},{"type":0,"value":" vorhanden"}]},"one":{"value":[{"type":1,"value":"numberOfRatings"},{"type":0,"value":" Produktbewertung"},{"type":1,"value":"productReviewSuperScript"},{"type":0,"value":" zu "},{"type":1,"value":"productName"}]},"other":{"value":[{"type":1,"value":"numberOfRatings"},{"type":0,"value":" Produktbewertungen"},{"type":1,"value":"productReviewSuperScript"},{"type":0,"value":" zu "},{"type":1,"value":"productName"}]}},"pluralType":"cardinal","type":6,"value":"numberOfRatings"}],"general.label.product.oneforone":[{"type":0,"value":"AKTION"}],"general.label.product.outOfTrade":[{"type":0,"value":"Außer Handel"}],"general.label.product.price.from":[{"type":0,"value":"ab "},{"type":1,"value":"price"}],"general.label.product.ratingOutOfMax":[{"type":1,"value":"rating"},{"type":0,"value":" von "},{"type":1,"value":"maxRating"}],"general.label.product.ratingsOutOfFiveStars":[{"type":0,"value":"von 5 Sternen"}],"general.label.productReviews.faqProductNote":[{"type":0,"value":"So berechnet sich die Note"}],"general.label.productReviews.faqProductReviews":[{"type":0,"value":"So überprüfen wir Produktbewertungen"}],"general.label.productReviews.info.content":[{"type":0,"value":"Es werden alle Produktbewertungen veröffentlicht, die den "},{"children":[{"type":0,"value":"hier erläuterten Kriterien"}],"type":8,"value":"faqLink"},{"type":0,"value":" entsprechen, unabhängig davon, ob sie positiv oder negativ sind. Für die Verifizierung der (Premium-) Bewertungen erfolgt keine Überprüfung der Echtheit von Kundenbewertungen. Mehr Informationen finden Sie in unserer Hilfe unter \"Fragen zu Produktbewertungen\" und dann unter \"So überprüfen wir Produktbewertungen\"."}],"general.label.productReviews.info.title":[{"type":0,"value":"Zur Prüfung der Echtheit"}],"general.label.productReviews.selectLanguage":[{"type":0,"value":"Bewertungen filtern:"}],"general.label.pzn":[{"type":0,"value":"PZN"}],"general.label.quantity":[{"type":0,"value":"Menge"}],"general.label.readOn":[{"type":0,"value":"Weiterlesen"}],"general.label.savings":[{"type":0,"value":"Sie sparen"},{"children":[{"type":0,"value":"2"}],"type":8,"value":"sup"},{"type":0,"value":" "},{"type":1,"value":"discountPercent"},{"type":0,"value":"%"}],"general.label.seeDetails":[{"type":0,"value":"Verfügbarkeit prüfen."}],"general.label.shipping":[{"type":0,"value":"Versand"}],"general.label.shippingPeriod":[{"type":1,"value":"deliveryTime"},{"type":0,"value":" Werktage Lieferzeit"}],"general.label.showLess":[{"type":0,"value":"Weniger anzeigen"}],"general.label.showMore":[{"type":0,"value":"Mehr anzeigen"}],"general.label.showNMore":[{"type":0,"value":"+ "},{"type":1,"value":"count"},{"type":0,"value":" mehr anzeigen"}],"general.label.surname":[{"type":0,"value":"Nachname"}],"general.label.vatExclShipping":[{"type":0,"value":"inkl. MwSt. zzgl."}],"general.label.viewedProducts":[{"type":0,"value":"Angesehene Produkte"}],"general.label.voucherReview":[{"type":0,"value":"Gutschein"}],"general.label.whileStockLasts":[{"type":0,"value":"Solange der Vorrat reicht"}],"general.label.yourPrice":[{"type":0,"value":"Ihr Preis"}],"general.link.label.medicineService":[{"type":0,"value":"Arzneimittelservice"}],"general.link.label.recipe":[{"type":0,"value":"Rezept einlösen"}],"general.loginRequired":[{"type":0,"value":"Für diese Funktion müssen Sie in Ihrem Kundenkonto eingeloggt sein."}],"general.modal.title.important":[{"type":0,"value":"Wichtiger Hinweis"}],"general.more.information.short":[{"type":0,"value":"Mehr Infos"}],"general.shopName":[{"type":0,"value":"Shop Apotheke"}],"getVoucherBox.label.faqLink":[{"type":0,"value":"Mehr Informationen zu Premiumbewertungen."}],"getVoucherBox.label.information_ho":[{"type":0,"value":"Für jede von Ihnen verfasste Bewertung mit mehr als 50 Wörtern (= Premiumbewertung) erhalten Sie einen "},{"type":1,"value":"voucherValue"},{"type":0,"value":" für Ihren nächsten Einkauf!"}],"lifestyle_product.modal.text":[{"type":0,"value":"Dieses Arzneimittel wird von gesetzlichen Krankenkassen nur in Ausnahmefällen erstattet. Bitte prüfen Sie mit Ihrem Arzt, dass er alle notwendigen Angaben auf dem Rezept vermerkt. Da wir weiterhin eine Genehmigung Ihrer Krankenkasse benötigen, dauert die Bearbeitung in der Regel einige Tage länger."}],"lifestyle_product.modal.title":[{"type":0,"value":"Lifestyle Arzneimittel"}],"medical_device.modal.text":[{"type":0,"value":"Dieses Arzneimittel wird von gesetzlichen Krankenkassen nur in Ausnahmefällen erstattet. Bitte prüfen Sie mit Ihrem Arzt, dass er alle notwendigen Angaben auf dem Rezept vermerkt. Da wir weiterhin eine Genehmigung Ihrer Krankenkasse benötigen, dauert die Bearbeitung in der Regel einige Tage länger."}],"medical_device.modal.title":[{"type":0,"value":"Hilfsmittel/Medizinprodukte"}],"medicationPlan.form.markedFieldsAreRequired":[{"type":0,"value":"Die mit * gekennzeichneten Felder sind Pflichtfelder."}],"message.soldAndShipped.partnerCrossSell":[{"type":0,"value":"Verkauf und Versand durch"}],"metaTag.product.description":[{"type":1,"value":"productName"},{"type":0,"value":" "},{"type":1,"value":"unitQuantityString"},{"type":0,"value":" "},{"type":1,"value":"unit"},{"type":0,"value":" für nur "},{"type":1,"value":"price"},{"type":0,"value":" bei Ihrer Online Apotheke für Deutschland kaufen und bis zu "},{"type":1,"value":"savings"},{"type":0,"value":" sparen."}],"metaTag.product.descriptionNoSavings":[{"type":1,"value":"productName"},{"type":0,"value":" "},{"type":1,"value":"unitQuantityString"},{"type":0,"value":" "},{"type":1,"value":"unit"},{"type":0,"value":" für nur "},{"type":1,"value":"price"},{"type":0,"value":" bei Ihrer Online Apotheke für Deutschland kaufen."}],"metaTag.product.descriptionRx":[{"type":1,"value":"productName"},{"type":0,"value":" "},{"type":1,"value":"unitQuantityString"},{"type":0,"value":" "},{"type":1,"value":"unit"},{"type":0,"value":" bei Ihrer Online Apotheke für Deutschland mit dem E-Rezept kaufen."}],"metaTag.product.titleRx":[{"type":1,"value":"productName"},{"type":0,"value":" mit dem E-Rezept kaufen - Shop Apotheke"}],"metaTag.ratgeber.title":[{"type":0,"value":"Ratgeber"}],"now.delivery.shop":[{"type":0,"value":"Shop Apotheke"}],"now.delivery.shopWithNow":[{"type":0,"value":"Shop Apotheke \u0026 Now!"}],"now.deliveryDetailsModal.collect.collectNotAvailable":[{"type":0,"value":"Leider bietet unsere Partnerapotheke die Abholung in Ihrem Liefergebiet derzeit nicht an."}],"now.deliveryDetailsModal.collect.title":[{"type":0,"value":"Abholung"}],"now.deliveryDetailsModal.delivery.deliveryNotAvailable":[{"type":0,"value":"Leider bietet unsere Partnerapotheke die Lieferung in Ihrem Liefergebiet derzeit nicht an."}],"now.deliveryDetailsModal.delivery.title":[{"type":0,"value":"Lieferung"}],"now.deliveryDetailsModal.description":[{"type":0,"value":"Für eine noch schnellere Lieferung und bessere Verfügbarkeit arbeiten wir mit Apotheken und Kurierdiensten in Ihrer Region zusammen."}],"now.deliveryDetailsModal.faq.collect.a.NowCollectCosts":[{"type":0,"value":"Ob eine Now! Bestellung ein wenig mehr kostet sehen Sie transparent im Warenkorb."}],"now.deliveryDetailsModal.faq.collect.a.WhenCanPickUpOrder":[{"type":0,"value":"In der Regel ist Ihre Bestellung innerhalb von wenigen Stunden abholbereit. Die genaue Uhrzeit wird Ihnen bei der Bestellung angezeigt und kann je nach Region und Bestellaufkommen unterschiedlich sein."}],"now.deliveryDetailsModal.faq.collect.a.prescriptionViaNow":[{"type":0,"value":"Wir arbeiten daran Ihnen bald auch diesen Service anbieten zu können. Aktuell werden Rezeptbestellungen durch unser Zentrallager als Eilauftrag versendet und sind meist schon am nächsten Werktag bei Ihnen."}],"now.deliveryDetailsModal.faq.collect.a.productsInCartNoNowAvail":[{"type":0,"value":"In machen Fällen kann es dazu kommen, dass ein Artikel kurzfristig nicht mehr verfügbar ist oder, dass es aktuell zu viele Anfragen gibt. Im Warenkorb finden Sie dazu genauere Hinweise."}],"now.deliveryDetailsModal.faq.collect.q.NowCollectCosts":[{"type":0,"value":"Was kostet eine Now! Abholung?"}],"now.deliveryDetailsModal.faq.collect.q.WhenCanPickUpOrder":[{"type":0,"value":"Wann kann ich meine Bestellung abholen?"}],"now.deliveryDetailsModal.faq.collect.q.prescriptionViaNow":[{"type":0,"value":"Kann ich mein Rezept per Now! bestellen?"}],"now.deliveryDetailsModal.faq.collect.q.productsInCartNoNowAvail":[{"type":0,"value":"Ich habe Now! Produkte im Warenkorb, aber Now! Abholung steht nicht zur Verfügung."}],"now.deliveryDetailsModal.faq.collect.title":[{"type":0,"value":"Fragen und Antworten"}],"now.deliveryDetailsModal.faq.delivery.a.NowDeliveryCosts":[{"type":0,"value":"Ob eine Now! Bestellung ein wenig mehr kostet sehen Sie transparent im Warenkorb."}],"now.deliveryDetailsModal.faq.delivery.a.WhenCanPickUpOrder":[{"type":0,"value":"In der Regel ist Ihre Bestellung innerhalb von wenigen Stunden abholbereit. Die genaue Uhrzeit wird Ihnen bei der Bestellung angezeigt und kann je nach Region und Bestellaufkommen unterschiedlich sein."}],"now.deliveryDetailsModal.faq.delivery.a.prescriptionViaNow":[{"type":0,"value":"Wir arbeiten daran Ihnen bald auch diesen Service anbieten zu können. Aktuell werden Rezeptbestellungen durch unser Zentrallager als Eilauftrag versendet und sind meist schon am nächsten Werktag bei Ihnen."}],"now.deliveryDetailsModal.faq.delivery.a.productsInCartNoNowAvail":[{"type":0,"value":"In machen Fällen kann es dazu kommen, dass ein Artikel kurzfristig nicht mehr verfügbar ist oder, dass es aktuell zu viele Anfragen gibt. Im Warenkorb finden Sie dazu genauere Hinweise."}],"now.deliveryDetailsModal.faq.delivery.q.NowDeliveryCosts":[{"type":0,"value":"Was kostet eine Now! Lieferung?"}],"now.deliveryDetailsModal.faq.delivery.q.WhenCanPickUpOrder":[{"type":0,"value":"Wann kann ich meine Bestellung abholen?"}],"now.deliveryDetailsModal.faq.delivery.q.prescriptionViaNow":[{"type":0,"value":"Kann ich mein Rezept per Now! bestellen?"}],"now.deliveryDetailsModal.faq.delivery.q.productsInCartNoNowAvail":[{"type":0,"value":"Ich habe Now! Produkte im Warenkorb, aber die Now! Lieferung steht nicht zur Verfügung."}],"now.deliveryDetailsModal.faq.delivery.title":[{"type":0,"value":"Fragen und Antworten"}],"now.deliveryDetailsModal.googleMapsLinkText":[{"type":0,"value":"Auf GoogleMaps anzeigen"}],"now.deliveryDetailsModal.howTo.collect.a.addToCart":[{"type":0,"value":"Legen Sie nun die Artikel wie gewohnt in den Warenkorb. Wenn Now! Abholung bei allen Artikeln verfügbar ist, können Sie die Option im Warenkorb auswählen."}],"now.deliveryDetailsModal.howTo.collect.a.checkAvailability":[{"type":0,"value":"Bei jedem Artikel sehen Sie alle verfügbaren Lieferwege in Ihrer Region. Achten Sie beim Bestellen darauf, dass alle Artikel für Now! Abholung verfügbar sind."}],"now.deliveryDetailsModal.howTo.collect.a.quickPickup":[{"type":0,"value":"Gehen Sie im Warenkorb zur Kasse, um zu sehen ab wann Ihre Bestellung abgeholt werden kann. Wir senden Ihnen rechtzeitig eine Benachrichtigung."}],"now.deliveryDetailsModal.howTo.collect.q.addToCart":[{"type":0,"value":"In den Warenkorb legen"}],"now.deliveryDetailsModal.howTo.collect.q.checkAvailability":[{"type":0,"value":"Verfügbarkeit prüfen"}],"now.deliveryDetailsModal.howTo.collect.q.quickPickup":[{"type":0,"value":"Kurz nach der Bestellung abholen"}],"now.deliveryDetailsModal.howTo.collect.title":[{"type":0,"value":"So funktioniert Now! Abholung"}],"now.deliveryDetailsModal.howTo.delivery.a.addToCart":[{"type":0,"value":"Legen Sie nun die Artikel wie gewohnt in den Warenkorb. Wenn die Now! Lieferung bei allen Artikeln verfügbar ist, können Sie die Option im Warenkorb auswählen.\n\nNicht verfügbare Artikel haben im Warenkorb ein graues Symbol. In dem Fall können Sie nachschauen, ob vielleicht eine andere Größe oder ein ähnlicher Artikel verfügbar ist."}],"now.deliveryDetailsModal.howTo.delivery.a.checkAvailability":[{"type":0,"value":"Bei jedem Artikel sehen Sie alle verfügbaren Lieferwege in Ihrer Region. Achten Sie beim Bestellen darauf, dass alle Artikel für eine Now! Lieferung verfügbar sind."}],"now.deliveryDetailsModal.howTo.delivery.a.chooseTimeSlot":[{"type":0,"value":"Gehen Sie im Warenkorb zur Kasse, um das genaue Zeitfenster für die Lieferung zu wählen."}],"now.deliveryDetailsModal.howTo.delivery.a.deliveredInFewHours":[{"type":0,"value":"Sie erhalten Ihre Bestellung bereits in wenigen Stunden."}],"now.deliveryDetailsModal.howTo.delivery.q.addToCart":[{"type":0,"value":"In den Warenkorb legen"}],"now.deliveryDetailsModal.howTo.delivery.q.checkAvailability":[{"type":0,"value":"Verfügbarkeit prüfen"}],"now.deliveryDetailsModal.howTo.delivery.q.chooseTimeSlot":[{"type":0,"value":"Zeitfenster wählen"}],"now.deliveryDetailsModal.howTo.delivery.q.deliveredInFewHours":[{"type":0,"value":"In wenigen Stunden geliefert"}],"now.deliveryDetailsModal.howTo.delivery.title":[{"type":0,"value":"So funktioniert die Now! Lieferung"}],"now.deliveryDetailsModal.sellerAddressInfo.collectDeliveryInPharmacy":[{"type":0,"value":"Die Abholung erfolgt in der Apotheke."}],"now.deliveryDetailsModal.sellerAddressInfo.dataProtectionInformation":[{"type":0,"value":"Datenschutzerklärung"}],"now.deliveryDetailsModal.sellerAddressInfo.email":[{"type":0,"value":"E-mail:"}],"now.deliveryDetailsModal.sellerAddressInfo.imprint":[{"type":0,"value":"Impressum"}],"now.deliveryDetailsModal.sellerAddressInfo.phone":[{"type":0,"value":"Telefon:"}],"now.deliveryDetailsModal.timeslot.description.line1":[{"type":0,"value":"Kostenlos ab "},{"type":1,"value":"freeFromCost"}],"now.deliveryDetailsModal.timeslot.description.line2":[{"type":0,"value":"Mindestbestellwert "},{"type":1,"value":"minimumOrderValue"}],"now.deliveryDetailsModal.timeslot.pickup.title":[{"type":0,"value":"Heute ab "},{"type":1,"value":"time"},{"type":0,"value":" Uhr"}],"now.deliveryDetailsModal.timeslotDescription":[{"type":0,"value":"Spätere Zeitfenster werden Ihnen während des Bestellvorgangs angezeigt."}],"now.deliveryDetailsModal.title":[{"type":0,"value":"Now! Service"}],"now.deliveryDetailsModal.title2":[{"type":0,"value":"Now! Lieferung"}],"now.link.freeShipping":[{"children":[{"type":0,"value":"Versandkosten"}],"type":8,"value":"linkToModal"},{"type":0,"value":" "},{"type":1,"value":"amount"},{"type":0,"value":" | kostenlos ab "},{"type":1,"value":"freeShippingAmount"}],"now.link.zip":[{"type":0,"value":"Ihre PLZ"}],"now.notification.buybox-modal.basic-error":[{"type":0,"value":"Es ist ein Fehler aufgetreten. Bitte versuchen Sie es zu einem späteren Zeitpunkt noch einmal."}],"now.product.shippingCosts":[{"type":0,"value":"Versandkosten "},{"type":1,"value":"amount"},{"type":0,"value":" | kostenlos ab "},{"type":1,"value":"freeShippingAmount"}],"now.product.shippingCostsFree":[{"type":0,"value":"Kostenlos"}],"now.product.shippingCostsShort":[{"children":[{"type":1,"value":"amount"}],"type":8,"value":"linkToModal"},{"type":0,"value":" | kostenlos ab "},{"type":1,"value":"freeShippingAmount"}],"now.product.shippingCostsUnconditional":[{"type":0,"value":"Versandkosten "},{"type":1,"value":"amount"}],"now.product.shippingShort":[{"type":1,"value":"amount"},{"type":0,"value":" | kostenlos ab "},{"type":1,"value":"freeShippingAmount"}],"now.prompt.body.enterZipForAccurateDeliveryEstimations":[{"type":0,"value":"Mit Hilfe Ihrer Postleitzahl können wir genauere Lieferzeiten in Ihrem Liefergebiet ermitteln."}],"now.prompt.headline.deliverytimeAndAvailability":[{"type":0,"value":"Lieferzeiten und Verfügbarkeit"}],"now.prompt.link.checkAvailabilityNow":[{"type":0,"value":"Verfügbarkeit jetzt prüfen"}],"now.zip.overlay.description":[{"type":0,"value":"Wir ermitteln genauere Lieferzeiten anhand Ihrer Postleitzahl. Geben Sie hier Ihre gewünschte PLZ ein."}],"now.zip.overlay.validations.zip":[{"type":0,"value":"Bitte geben Sie eine gültige PLZ ein."}],"nowCountdown.ifYouBuyInXMinutes":[{"type":0,"value":"mit Now! möglich, wenn Sie innerhalb "},{"type":1,"value":"countdown"},{"type":0,"value":" bestellen."}],"nowCountdown.shipTodayLabel":[{"type":0,"value":"Lieferung HEUTE"}],"nowCountdown.shopTomorrowLabel":[{"type":0,"value":"Lieferung MORGEN"}],"offerBox.link.label.both":[{"offset":0,"options":{"one":{"value":[{"type":0,"value":"Artikel bei "},{"children":[{"type":0,"value":"Shop Apotheke und "},{"type":1,"value":"count"},{"type":0,"value":" Partner"}],"type":8,"value":"u"},{"type":0,"value":" erhältlich"}]},"other":{"value":[{"type":0,"value":"Artikel bei "},{"children":[{"type":0,"value":"Shop Apotheke und "},{"type":1,"value":"count"},{"type":0,"value":" Partnern"}],"type":8,"value":"u"},{"type":0,"value":" erhältlich"}]}},"pluralType":"cardinal","type":6,"value":"count"}],"offerBox.link.label.sellers.only":[{"type":0,"value":"Artikel bei "},{"children":[{"type":1,"value":"count"},{"type":0,"value":" Partnern"}],"type":8,"value":"u"},{"type":0,"value":" erhältlich"}],"pdp.buyboxwithvariants.odsModal.button.accesstomedication":[{"type":0,"value":"Rezept jetzt online anfragen"}],"pdp.buyboxwithvariants.odsModal.button.localsearch":[{"type":0,"value":"Arzt vor Ort in Ihrer Umgebung finden"}],"pdp.buyboxwithvariants.odsModal.header":[{"type":0,"value":"Benötigen Sie ein Rezept?"}],"pdp.buyboxwithvariants.odsModal.image.alt":[{"type":0,"value":"Ärtzte einfach online finden."}],"pdp.buyboxwithvariants.odsModal.main.info.desc":[{"type":0,"value":"Sie können entweder ein Rezept oder Folgerezept für ausgewählte Behandlungen online anfragen oder einen Arzt in Ihrer Umgebung suchen."}],"pdp.buyboxwithvariants.odsModal.onlineConsultation.image.alt":[{"type":0,"value":"Online-Arzt-Behandlung"}],"pdp.buyboxwithvariants.odsModal.onlineDoctor.billingAsPrivate.description":[{"children":[{"type":0,"value":"Für jede Behandlung wird eine entsprechende Gebühr von dem behandelnden Arzt erhoben, welche die Prüfung Ihres medizinischen Anliegens wie auch die Ausstellung des Privatrezeptes abdeckt. Die Gebühren liegen je nach angeforderter Leistung zwischen 9 Euro und 29 Euro. Neben der Behandlungsgebühr können zusätzliche Kosten für das vom Arzt verschriebene Medikament anfallen."}],"type":8,"value":"paragraph"},{"type":0,"value":"\n"},{"children":[{"type":0,"value":"Sind Sie privatversichert, können Sie je nach Tarif eine Erstattung bei Ihrer Versicherung anfragen."}],"type":8,"value":"paragraph"},{"type":0,"value":"\n"},{"children":[{"type":0,"value":"Sind Sie gesetzlich versichert, werden die Kosten nicht übernommen. Sie können den Online-Arzt-Service als Selbstzahler nutzen."}],"type":8,"value":"paragraph"}],"pdp.buyboxwithvariants.odsModal.onlineDoctor.billingAsPrivate.heading":[{"type":0,"value":"Abrechnung als Privatrezept"}],"pdp.buyboxwithvariants.odsModal.process.step1":[{"type":0,"value":"Beantworten Sie im Rahmen einer digitalen Anamnese wichtige Fragen zu Ihrer Gesundheit."}],"pdp.buyboxwithvariants.odsModal.process.step2":[{"type":0,"value":"Die Ärzte bearbeiten Ihre Anfrage, empfehlen Ihnen nächste Schritte und stellen – falls medizinisch sinnvoll – ein Privatrezept aus. Im Falle von Rückfragen kontaktieren die Ärzte Sie direkt."}],"pdp.buyboxwithvariants.odsModal.process.step3":[{"type":0,"value":"Bekommen Sie ein Medikament in 1-2 Werktagen versandkostenfrei"},{"children":[{"type":0,"value":"8"}],"type":8,"value":"sup"},{"type":0,"value":" von SHOP APOTHEKE geliefert oder holen Sie es in einer Apotheke vor Ort ab."}],"pdp.buyboxwithvariants.odsModal.tabs.localDoctor.description":[{"type":0,"value":"Sie bevorzugen einen Besuch bei einem Arzt in Ihrer Nähe? Finden Sie über die Arztsuche einen Arzt in Ihrer Umgebung. Sie können im Nachhinein das Rezept wie gewohnt bei der Shop Apotheke einlösen."}],"pdp.buyboxwithvariants.odsModal.tabs.localDoctor.heading":[{"type":0,"value":"Informationen zur lokalen Arztsuche:"}],"pdp.buyboxwithvariants.odsModal.tabs.tab1.heading":[{"type":0,"value":"Informationen zu „Rezept online anfragen“:"}],"pdp.buyboxwithvariants.odsModal.tabs.tab1.onlineDoctorNotice":[{"children":[{"type":0,"value":"Sie werden an unseren Partner ZAVA weitergeleitet. ZAVA ist eine Online-Arztpraxis mit Sitz in Irland und einer der führenden Anbieter telemedizinischer Leistungen für Patienten in Deutschland und Europa. Die Ärzte sind deutschsprachig und registriert bei der irischen Ärztekammer (Medical Council of the Republic of Ireland)."}],"type":8,"value":"paragraph"},{"type":0,"value":"\n"},{"children":[{"type":0,"value":"\nBitte beachten Sie, dass telemedizinische Leistungen nicht für alle gesundheitlichen Anliegen geeignet sind und den persönlichen Arzt-Patienten-Kontakt nicht ersetzen. Der Arzt beurteilt von Fall zu Fall, ob das Anliegen telemedizinisch adressiert werden kann.\n"}],"type":8,"value":"paragraph"}],"pdp.buyboxwithvariants.odsModal.tabs.tab1.stepsHeader":[{"type":0,"value":"So funktioniert’s:"}],"pdp.buyboxwithvariants.odsModal.tabs.tab1.title":[{"type":0,"value":"Online anfragen"}],"pdp.buyboxwithvariants.odsModal.tabs.tab2.title":[{"type":0,"value":"Lokale Arztsuche"}],"pdp.buyboxwithvariants.odsModal.title":[{"type":0,"value":"Rezept anfragen / Arztsuche"}],"pdp.buyboxwithvariants.odsModalVC.header":[{"type":0,"value":"Jetzt bequem Videosprechstunde von zu Hause aus buchen."}],"pdp.buyboxwithvariants.odsModalVC.process.step1":[{"type":0,"value":"Wählen Sie einen für Sie passenden Termin für Ihre Videosprechstunde."}],"pdp.buyboxwithvariants.odsModalVC.process.step2":[{"type":0,"value":"Je nach Krankheitsbild, stellt Ihnen der behandelnde Arzt ein Rezept und / oder eine Krankschreibung aus."}],"pdp.buyboxwithvariants.odsModalVC.process.step3":[{"type":0,"value":"Wählen Sie Shop Apotheke als Versandoption, liefern wir Ihr Medikament versandkostenfrei nach Hause."}],"pdp.buyboxwithvariants.odsModalVC.title":[{"type":0,"value":"Rezept per Videosprechstunde anfragen"}],"pdp.messages.info.privatePrescriptionNotCombinableWithERX":[{"type":0,"value":"Derzeit ist ein Privatrezept nicht mit dem im Warenkorb befindlichen E-Rezept kombinierbar. Bitte schließen Sie zunächst Ihre Bestellung ab oder entfernen Sie das E-Rezept aus dem Warenkorb. Zudem können Sie Ihr Rezept auch weiterhin wie gewohnt postalisch bei uns einlösen."}],"presciprion.label.prescriptionFree":[{"type":0,"value":"Rezeptfrei"}],"prescription.erxInfo":[{"children":[{"type":0,"value":"Tipp:"}],"type":8,"value":"accentuate"},{"type":0,"value":" Sagen Sie dem Praxisteam, dass Sie für die Einlösung bei uns, den "},{"children":[{"type":0,"value":"QR-Code"}],"type":8,"value":"accentuateHighlight"},{"type":0,"value":" als Ausdruck oder Datei benötigen."},{"children":[],"type":8,"value":"br"},{"children":[],"type":8,"value":"br"},{"type":0,"value":"Wenn Sie bereits ein E-Rezept haben, können Sie diese Option wählen, nachdem Sie auf \"In den Warenkorb\" geklickt haben."}],"prescription.infoBox.infoLabel":[{"type":0,"value":"Die hier dargestellten Preise können von dem zu zahlenden Preis abweichen."}],"prescription.infoBox.moreInformation":[{"type":0,"value":"Mehr Informationen anzeigen!"}],"prescription.labels.prescriptionRequired":[{"type":0,"value":"Rezeptpflichtig"}],"prescription.options.copaymentExempt":[{"type":0,"value":"Zuzahlungsbefreiung"}],"prescription.options.insurance":[{"type":0,"value":"Kassenrezept"}],"prescription.options.noreceipt":[{"type":0,"value":"Ohne Rezept"}],"prescription.options.privatePrescription":[{"type":0,"value":"Privatrezept"}],"prescriptionBonus.modal.benefit1":[{"type":0,"value":"2,50 € bis 10 € Rezept-Bonus"},{"children":[{"type":0,"value":"7"}],"type":8,"value":"sup"},{"type":0,"value":" pro Packung"}],"prescriptionBonus.modal.benefit2":[{"type":0,"value":"Gilt für Privatrezepte"}],"prescriptionBonus.modal.benefit3":[{"type":0,"value":"Versandkostenfreie Lieferung"}],"prescriptionBonus.modal.check.freeDelivery":[{"type":0,"value":"Rezept-Bonus"},{"children":[{"type":0,"value":"7"}],"type":8,"value":"sup"},{"type":0,"value":" wird automatisch im Warenkorb von Ihrer Zuzahlung abgezogen"}],"prescriptionBonus.modal.check.minimalBonus":[{"type":0,"value":"Mindestens 2,50 € und höchstens 5,00 € Bonus pro rezeptpflichtigem Arzneimittel erhalten"}],"prescriptionBonus.modal.check.publicPrescription":[{"type":0,"value":"E-Rezept einlösen (Kassenrezept)"}],"prescriptionBonus.modal.descriptionText":[{"type":0,"value":"Für jedes rezeptpflichtige Medikament, welches Sie bei uns als Privatrezept einreichen, erhalten Sie von uns einen Rezept-Bonus"},{"children":[{"type":0,"value":"7"}],"type":8,"value":"sup"},{"type":0,"value":". Senden Sie uns einfach Ihr Rezept per Post zu. Unser portofreies Adressetikett können Sie "},{"children":[{"type":0,"value":"hier ausdrucken"}],"type":8,"value":"redeemRecipeLink"},{"type":0,"value":"."}],"prescriptionBonus.modal.intro":[{"type":0,"value":"Für jedes rezeptpflichtige Arzneimittel, das Sie bei uns mit einem herkömmlichen oder elektronischen Kassenrezept einreichen, erhalten Sie einen Rezept-Bonus von uns. Dieser Bonus entspricht 50% der gesetzlichen Zuzahlung."}],"prescriptionBonus.modal.notice":[{"type":0,"value":"Der Rezept-Bonus"},{"children":[{"type":0,"value":"7"}],"type":8,"value":"sup"},{"type":0,"value":" wird nur bei rezeptpflichtigen Arzneimitteln gewährt, nicht bei Hilfsmitteln, Nicht-Arzneimitteln, Rezepturen und frei verkäuflichen Arzneimitteln."}],"prescriptionBonus.modal.outro":[{"type":0,"value":"Sie sind zuzahlungsbefreit? Dann verrechnen wir den Bonus direkt mit der Festbetragsdifferenz, falls diese anfällt, und danach mit Ihrem rezeptfreien Einkauf."}],"prescriptionBonus.modal.privatePatient.descriptionText":[{"type":0,"value":"Bei Privatrezepten wird der Bonus"},{"children":[{"type":0,"value":"7"}],"type":8,"value":"sup"},{"type":0,"value":" Ihrem Kundenkonto gutgeschrieben und mit dem Rechnungsbetrag Ihrer bestellten frei verkäuflichen Produkte verrechnet. Ein möglicher Restbetrag verbleibt auf Ihrem Kundenkonto und wird bei Ihrer nächsten Bestellung von frei verkäuflichen Produkten automatisch abgezogen.\n\nAufgrund einer gesetzlichen Änderung dürfen wir ab sofort einen Rezept-Bonus nur noch für rezeptpflichtige Medikamente auf Privatrezepten gewähren. Erfahren Sie "},{"children":[{"type":0,"value":"hier"}],"type":8,"value":"redeemRecipeLink"},{"type":0,"value":", welche Vorteile in Ihrem Rezept stecken!"}],"prescriptionBonus.modal.title":[{"type":0,"value":"Unser Rezept-Bonus"},{"children":[{"type":0,"value":"7"}],"type":8,"value":"sup"}],"prescriptionBonus.modal.title.new":[{"type":0,"value":"Unser Rezept-Bonus"},{"children":[{"type":0,"value":"7"}],"type":8,"value":"sup"}],"prescriptionBonus.modal.warningNotification":[{"type":0,"value":"Der Rezept-Bonus"},{"children":[{"type":0,"value":"7"}],"type":8,"value":"sup"},{"type":0,"value":" wird nur bei rezeptpflichtigen Arzneimitteln gewährt, nicht bei Hilfsmitteln, Nicht-Arzneimitteln, Rezepturen und frei verkäuflichen Arzneimitteln."}],"prescriptionDialog.activateEPrescription":[{"type":0,"value":"E-Rezept einlösen"}],"prescriptionDialog.downloadFreeEnvelope":[{"type":0,"value":"Freiumschlag herunterladen"}],"prescriptionDialog.ePrescriptionInstructions":[{"children":[{"type":0,"value":"Laden Sie ein PDF hoch oder scannen Sie einen Ausdruck ein. Sie können dafür unseren Webshop oder unsere App nutzen."}],"type":8,"value":"p"}],"prescriptionDialog.insuranceCard.findOutMore":[{"type":0,"value":"Mehr erfahren"}],"prescriptionDialog.insuranceCard.instructions":[{"children":[{"type":0,"value":"Alles, was Sie brauchen, ist Ihre Krankenkassenkarte mit Ihrem E-Rezept und die "},{"children":[{"type":0,"value":"Shop Apotheke App"}],"type":8,"value":"em"},{"type":0,"value":"."}],"type":8,"value":"p"},{"children":[{"type":0,"value":"Dann einfach App öffnen, Krankenkassenkarten-Nummer eingeben, Mobilfunknummer hinterlegen und Bestätigungscode per SMS erhalten. Anschließend Krankenkassenkarte dranhalten und schon wird alles nach Hause geliefert."}],"type":8,"value":"p"}],"prescriptionDialog.regularPrescriptionInstructions":[{"children":[{"type":0,"value":"Legen Sie das auf dem Rezept verordnete Medikament wie gewohnt in den Warenkorb und folgen Sie dem Kaufprozess. So können Sie gleichzeitig auch nicht verschreibungspflichtige Produkte mitbestellen."}],"type":8,"value":"p"},{"children":[{"type":0,"value":"Senden Sie Ihr Original-Rezept im "},{"children":[{"type":0,"value":"Freiumschlag"}],"type":8,"value":"em"},{"type":0,"value":" an Shop Apotheke."}],"type":8,"value":"p"},{"children":[{"type":0,"value":"Nach Prüfung Ihres Rezeptes liefern wir Ihre Bestellung sicher und bequem zu Ihnen nach Hause."}],"type":8,"value":"p"}],"prescriptionModal.faq.headline":[{"type":0,"value":"Mehr Informationen zum Rezept-Bonus"}],"prescriptionModal.faq.message":[{"type":0,"value":"Für jedes rezeptpflichtige Arzneimittel auf einem herkömmlichen Kassenrezept oder auf einem elektronischen Kassenrezept erhalten Sie einen Rezept-Bonus in Höhe von 50% der gesetzlichen Zuzahlung. Der Bonus beträgt jedoch mindestens 2,50€ und maximal 5,00€ pro verschreibungspflichtigem Arzneimittel. Die Verrechnung des Rezept-Bonus erfolgt sofort innerhalb der Bestellung und zwar zuerst mit der Zuzahlung, bei einem Restbetrag zunächst mit etwaiger Festbetragsdifferenz und danach mit dem Preis von mitbestellten nicht verschreibungspflichtigen Produkten (ausgenommen sind preisgebundene Bücher, Artikel von Drittanbietern [Marktplatz-Partnern], Babymilch sowie bei einer Now!-Lieferung). Eine Barauszahlung oder eine Gutschrift von nicht genutzten (Rest)- Boni erfolgt nicht; diese verfallen. Der Rezept-Bonus wird nur bei rezeptpflichtigen Arzneimitteln gewährt, nicht bei Hilfsmitteln, Nicht-Arzneimitteln, Rezepturen und frei verkäuflichen Arzneimitteln. Sie sind gesetzlich dazu verpflichtet, uns bei der Bestellung eine Telefonnummer anzugeben. Sitz der Apotheke: Shop-Apotheke B.V., Erik de Rodeweg 11/13, NL-5975 WD Sevenum."}],"product.barcodes.modal.ean.body":[{"children":[{"type":0,"value":"EAN"}],"type":8,"value":"h3"},{"children":[{"type":0,"value":"Die European Article Number stellt eine international eindeutige Produktkennzeichnung für Handelsartikel dar und besteht aus 8 oder 13 Ziffern."}],"type":8,"value":"p"}],"product.barcodes.modal.headline":[{"type":0,"value":"Produktkennzeichnung"}],"product.barcodes.modal.isbn.body":[{"children":[{"type":0,"value":"ISBN"}],"type":8,"value":"h3"},{"children":[{"type":0,"value":"Die Internationale Standard-Buchnummer (ISBN) ist eine international eindeutige Produktkennzeichnung für monografische Veröffentlichungen (z.B. Bücher) und besteht aus 10 oder 13 Ziffern."}],"type":8,"value":"p"}],"product.barcodes.modal.pzn.body":[{"children":[{"type":0,"value":"PZN"}],"type":8,"value":"h3"},{"children":[{"type":0,"value":"Die Pharmazentralnummer (PZN) ist ein in Deutschland bundeseinheitlicher Identifikationsschlüssel für Arzneimittel, Hilfsmittel und andere Apothekenprodukte."}],"type":8,"value":"p"}],"product.barcodes.modal.upid.body":[{"children":[{"type":0,"value":"UPID"}],"type":8,"value":"h3"},{"children":[{"type":0,"value":"Die UPID (Unique product identifier) ist eine neunstellige eindeutige Gruppe von Zahlen und/oder Buchstaben, welche jedes Produkt in unserem Webshop eindeutig identifiziert."}],"type":8,"value":"p"}],"product.consultation.button.submitMessage":[{"type":0,"value":"Nachricht absenden"}],"product.consultation.direct.contact_ho":[{"type":0,"value":"Kostenlose Hotline: "},{"children":[{"type":0,"value":"0800 - 200 800 300"}],"type":8,"value":"highlight"},{"type":0,"value":"\n"},{"children":[{"type":0,"value":"aus dem dt. Fest-/Mobilnetz"}],"type":8,"value":"smallText"}],"product.consultation.direct.headline":[{"type":0,"value":"Wir sind für Sie da von Montag bis Samstag zwischen 8 und 20 Uhr und freuen\nuns über Ihren Anruf."}],"product.consultation.direct.title":[{"type":0,"value":"Direkte Beratung"}],"product.consultation.headline_ho":[{"type":0,"value":"Wir beraten Sie gerne persönlich zu "},{"type":1,"value":"name"},{"type":0,"value":"! "},{"children":[],"type":8,"value":"break"},{"type":0,"value":"\nWählen Sie einfach aus den verschiedenen Möglichkeiten und lassen Sie sich\nvon unseren pharmazeutischen Experten kompetent beraten."}],"product.consultation.message.error":[{"type":0,"value":"Leider können wir aus technischen Gründen Ihre Anfrage derzeit nicht\nempfangen. Bitte versuchen Sie es zu einem späteren Zeitpunkt erneut."}],"product.consultation.message.success":[{"type":0,"value":"Ihre Anfrage wurde erfolgreich übermittelt."}],"product.consultation.message.title":[{"type":0,"value":"Schreiben Sie uns eine Nachricht"}],"product.description.contraindication":[{"type":0,"value":"Gegenanzeigen"}],"product.description.dosage":[{"type":0,"value":"Dosierung"}],"product.description.indication":[{"type":0,"value":"Indikation"}],"product.description.interaction":[{"type":0,"value":"Wechselwirkungen"}],"product.description.miscellaneous":[{"type":0,"value":"Weitere Informationen"}],"product.description.modality":[{"type":0,"value":"Art und Weise"}],"product.description.patientsdetails":[{"type":0,"value":"Patientenhinweise"}],"product.description.pregnancy":[{"type":0,"value":"Schwangerschaft und Stillzeit"}],"product.description.sideeffects":[{"type":0,"value":"Nebenwirkungen"}],"product.details.additionalInfo.activeIngredients":[{"type":0,"value":"Wirkstoffe"}],"product.details.additionalInfo.additivesKg":[{"type":0,"value":"Zusatzstoffe je kg"}],"product.details.additionalInfo.animalFoodType":[{"type":0,"value":"Tierfuttertyp"}],"product.details.additionalInfo.authorPortrait":[{"type":0,"value":"Autorenportrait"}],"product.details.additionalInfo.careInstructions":[{"type":0,"value":"Pflegehinweise"}],"product.details.additionalInfo.composition":[{"type":0,"value":"Zusammensetzung"}],"product.details.additionalInfo.feedingRecommendation":[{"type":0,"value":"Fütterungsempfehlung"}],"product.details.additionalInfo.foodIngredients":[{"type":0,"value":"Zutaten"}],"product.details.additionalInfo.guaranteedAnalysis":[{"type":0,"value":"Analytische Bestandteile"}],"product.details.additionalInfo.ingredients":[{"type":0,"value":"Inhaltsstoffe"}],"product.details.additionalInfo.manufacturerDetails":[{"type":0,"value":"Herstellerdaten"}],"product.details.additionalInfo.materialComposition":[{"type":0,"value":"Materialzusammensetzung"}],"product.details.additionalInfo.netfilling_quantity":[{"type":0,"value":"Nettofüllmenge"}],"product.details.additionalInfo.nutritionalInformation":[{"type":0,"value":"Nährwertangaben"}],"product.details.additionalInfo.productDetails":[{"type":0,"value":"Produktdetails"}],"product.details.additionalInfo.recommendedIntake":[{"type":0,"value":"Verzehrempfehlung"}],"product.details.additionalInfo.sideEffects":[{"type":0,"value":"Nebenwirkungen"}],"product.details.additionalInfo.storageUsageInfo":[{"type":0,"value":"Aufbewahrungs- \u0026 Verwendungshinweis"}],"product.details.additionalInfo.usage":[{"type":0,"value":"Anwendung"}],"product.details.additionalInfo.uspKeyFacts":[{"type":0,"value":"USP / Key Facts"}],"product.details.gallery.caption.similarImage":[{"type":0,"value":"Abbildung ähnlich"}],"product.details.gallery.videobubble.play":[{"type":0,"value":"abspielen"}],"product.details.gallery.videobubble.video":[{"type":0,"value":"Video"}],"product.details.pharmaBlockedAlternativeText":[{"type":0,"value":"Eingeschränkte Lieferbarkeit"}],"product.details.variants.bonus.label":[{"type":0,"value":"Ihr Bonus"}],"product.details.variants.savings.label":[{"type":0,"value":"Ersparnis"}],"product.label.nowProductGroup":[{"type":0,"value":"Now! Produkt"}],"product.link.label.foodInformation":[{"type":0,"value":"Pflichtangaben nach Lebensmittel-Informationsverordnung"}],"product.link.label.packageInsert":[{"type":0,"value":"Beipackzettel "},{"type":1,"value":"productName"}],"product.link.label.pharmaceuticalNotices":[{"type":0,"value":"Wichtige Hinweise zu "},{"type":1,"value":"productName"}],"product.prescription.howItWorks":[{"type":0,"value":"Wie funktioniert eine Rezeptbestellung?"}],"product.prescription.prescriptionAvailable":[{"type":0,"value":"Rezept vorhanden?"}],"product.prescription.type":[{"type":0,"value":"Rezeptart"}],"product.promotion.content.headline.freebie":[{"type":0,"value":"Beigabe Geschenk"}],"productAdditonalInfos.headline":[{"type":0,"value":"Produktdetails \u0026 Pflichtangaben"}],"productAdditonalInfos.headline.activeSubstances":[{"type":0,"value":"Wirkstoffe"}],"productAdditonalInfos.headline.additiveSubstances":[{"type":0,"value":"Hilfsstoffe"}],"productAdditonalInfos.label.activeIngredients":[{"type":0,"value":"Wirkstoffe \u0026 Hilfsstoffe"}],"productAdditonalInfos.label.furtherProductInformation":[{"type":0,"value":"Weitere Produktinformationen"}],"productAdditonalInfos.prescription.infobox.content":[{"type":0,"value":"Rezeptpflichtige Medikamente dürfen nur gegen Vorlage eines Originalrezepts abgegeben werden. Scannen Sie dafür einfach Ihr E-Rezept oder schicken Sie uns Ihr herkömmliches Rezept per Post zu."}],"productAdditonalInfos.prescription.infobox.links":[{"type":0,"value":"So funktioniert eine Rezept-Bestellung"}],"productAdditonalInfos.prescription.videobox.content":[{"type":0,"value":"Damit Sie einen Einblick in unsere tägliche Arbeit bekommen und sehen können, was alles mit Ihrem Original-Rezept geschieht, haben wir ein Video mit allen relevanten Informationen produziert."}],"productAdditonalInfos.prescription.videobox.headline":[{"type":0,"value":"Was passiert eigentlich mit meinem Rezept?"}],"productAdditonalInfos.prescription.videobox.links":[{"type":0,"value":"Der Weg Ihres Rezeptes"}],"productAdditonalInfos.prescription.videobox.modal.headline":[{"type":0,"value":"Der Weg Ihres Rezeptes"}],"productOffer.modal.title":[{"type":0,"value":"Alle verfügbaren Angebote für dieses Produkt"}],"productOffer.otherOffers":[{"type":1,"value":"offersCount"},{"type":0,"value":" Angebote ab "},{"type":1,"value":"price"},{"type":0,"value":":"}],"productOffer.soldBy":[{"type":0,"value":"Verkauf und Versand durch:"}],"productPrescriptionModal.regularPrescription":[{"type":0,"value":"Das Privat- und Papierrezept"}],"productPricing.buyBox.shopApothekePrice":[{"type":0,"value":"Shop Apotheke Preis"}],"productPricing.buyBox.yourAdditionalPayment":[{"type":0,"value":"Ihre Zuzahlung"}],"productPricing.buyBox.yourPrice":[{"type":0,"value":"Ihr Preis"}],"productPricing.modal.productSection.avp.content":[{"type":0,"value":"Der AVP ist der Preis, zu dem eine Apotheke ein Arzneimittel verkauft oder gegenüber einem Kostenträger abrechnet. Der AVP errechnet sich im Fall von verschreibungspflichtigen Arzneimitteln nach der Arzneimittelpreisverordnung."}],"productPricing.modal.productSection.avp.title":[{"type":0,"value":"Was ist der\u2028Apothekenverkaufspreis"},{"children":[{"type":0,"value":"2"}],"type":8,"value":"sup"},{"type":0,"value":" (AVP)?"}],"productPricing.modal.productSection.ePrescription.paragraphOne":[{"type":0,"value":"Die Kosten für dieses Arzneimittel werden nicht durch Ihre gesetzliche Krankenkasse übernommen, da es sich um ein sogenanntes Lifestyle Arzneimittel handelt."}],"productPricing.modal.productSection.ePrescription.paragraphTwo":[{"type":0,"value":"Arzneimittel, bei deren Anwendung eine Erhöhung der Lebensqualität im Vordergrund steht – sogenannte Lifestyle Arzneimittel –, dürfen nicht als GKV-Leistung verordnet werden. Dies sind zum Beispiel Appetitzügler, Abmagerungsmittel, Arzneimittel zur Raucherentwöhnung, zur Verbesserung des Haarwuchses, zur Behandlung der erektilen Dysfunktion oder zur Steigerung der sexuellen Potenz."}],"productPricing.modal.productSection.ePrescription.title":[{"type":0,"value":"Warum wird mein Medikament nicht erstattet?"}],"productPricing.modal.productSection.fixedAmount.content":[{"type":0,"value":"Krankenkassen und Gesetzgeber legen gemeinsam den höchsten Preis für bestimmte Medikamente fest. Wenn der Preis des Herstellers darüber liegt, müssen Patienten die Differenz selbst zahlen."}],"productPricing.modal.productSection.fixedAmount.title":[{"type":0,"value":"Was ist die Festbetragsdifferenz?"}],"productPricing.modal.productSection.fixedAmountDifference":[{"type":0,"value":"Festbetragsdifferenz"}],"productPricing.modal.productSection.pharmacySellingPrice":[{"type":0,"value":"Apothekenverkaufspreis"},{"children":[{"type":0,"value":"2"}],"type":8,"value":"sup"}],"productPricing.modal.productSection.statutoryCoPayment":[{"type":0,"value":"Gesetzliche Zuzahlung"}],"productPricing.modal.productSection.title":[{"type":0,"value":"So errechnet sich Ihr Preis:"}],"productPricing.modal.productSection.totalExplanation":[{"type":0,"value":"Die Gesamtsumme für das Produkt ergibt sich folgendermaßen:"}],"productPricing.modal.productSection.yourPrice":[{"type":0,"value":"Ihr Preis"}],"productPricing.modal.title":[{"type":0,"value":"Informationen zum Preis und Rezept-Bonus"},{"children":[{"type":0,"value":"7"}],"type":8,"value":"sup"}],"productQuestions.label.freeConsultancy":[{"type":0,"value":"Kostenlose und persönliche Beratung"}],"productQuestions.label.noAnswer":[{"type":0,"value":"Keine passende Antwort gefunden?"}],"productQuestions.label.personAsking":[{"type":0,"value":"Frage von"}],"productQuestions.section.headline":[{"type":0,"value":"Fragen und Antworten zu "},{"type":1,"value":"productName"}],"productRating.form.error.message.description":[{"type":0,"value":"Leider können wir aus technischen Gründen Ihre Produktbewertung derzeit nicht\nempfangen, bitte versuchen Sie es zu einem späteren Zeitpunkt erneut."}],"productRating.form.error.message.title":[{"type":0,"value":"Leider ist ein Fehler aufgetreten"}],"productRating.form.success.message.description":[{"type":0,"value":"Unser redaktionelles Team wird Ihre Produktbewertung nun auf die Richtlinien prüfen und freigegeben. Bei einer Premium-Bewertung erhalten Sie anschließend Ihren 5%-Gutschein per E-Mail."}],"productRating.form.success.message.emailAddress":[{"type":0,"value":"E-Mail-Adresse: "}],"productRating.form.success.message.title":[{"type":0,"value":"Vielen Dank, dass Sie sich die Zeit genommen haben um eine Produktbewertung zu verfassen."}],"productRating.notification.message.hasAlreadyReview":[{"type":0,"value":"Sie haben für dieses Produkt bereits eine eigene Produktbewertung verfasst."}],"productSliders.lastActivities.headline":[{"type":0,"value":"Ihre letzten Aktivitäten"}],"productVariants.label.noLongerVariant":[{"type":0,"value":"Leider führen wir diesen Artikel nicht"}],"productVariants.link.toSuccessor":[{"type":0,"value":"Zum Nachfolgeprodukt"}],"ratingForm.errorMessage.stars":[{"type":0,"value":"Bitte wählen Sie per Klick die Anzahl der Sterne, die Sie vergeben möchten."}],"ratingForm.errorMessage.text":[{"type":0,"value":"Teilen Sie Ihre Erfahrung mit unseren Kunden."}],"ratingForm.errorMessage.title":[{"type":0,"value":"Geben Sie Ihrer Bewertung eine Überschrift"}],"redpoints.modal.benefit1":[{"type":0,"value":"Sammeln Sie bei jedem Einkauf wertvolle RedPoints."}],"redpoints.modal.benefit2":[{"type":0,"value":"Freuen Sie sich auf jede Menge Extra-RedPoints – so füllt sich Ihr Punktekonto rasend schnell."}],"redpoints.modal.benefit3":[{"type":0,"value":"Bereits ab 1.000 gesammelten RedPoints können Sie diese bei einer Ihrer Bestellungen bei uns einlösen und sofort sparen – so ist ein Sofort-Rabatt von bis zu 40 Euro für Sie drin."}],"redpoints.modal.collecting.description":[{"type":0,"value":"Mit wenigen Klicks können Sie sich mit Ihrem SHOP-APOTHEKE Kundenkonto bei RedPoints anmelden und bereits mit der nächsten Bestellung Ihre ersten RedPoints sammeln."}],"redpoints.modal.collecting.title":[{"type":0,"value":"Sie möchten auch RedPoints sammeln? Jetzt kostenlos anmelden!"}],"redpoints.modal.description":[{"type":0,"value":"RedPoints – das Vorteilsprogramm von SHOP-APOTHEKE"}],"redpoints.modal.link.signUp":[{"type":0,"value":"Jetzt bei RedPoints anmelden"}],"redpoints.modal.title":[{"type":0,"value":"Unser RedPoints-Programm"}],"rezeptBestellung.modal.introduction":[{"type":0,"value":"Rezeptpflichtige Medikamente bestellen ist denkbar einfach."}],"rezeptBestellung.modal.title":[{"type":0,"value":"Die Online-Rezeptbestellung"}],"rxDifferenceModal.ePrescription.codes.description":[{"children":[{"type":0,"value":"Der größere Code oben rechts ist der Sammelcode. Er enthält alle auf dem E-Rezept befindlichen Verschreibungen. Es genügt also, diesen Sammelcode mit Ihrer Kamera/Webcam zu erfassen."}],"type":8,"value":"p"},{"type":0,"value":"\n"},{"children":[{"type":0,"value":"In der unteren Hälfte befinden sich die verschriebenen Medikamente samt Codes. Ihr Arzt kann hier bis zu drei Verschreibungen unterbringen."}],"type":8,"value":"p"},{"type":0,"value":"\n"},{"children":[{"type":0,"value":"Jeder Code enthält dabei alle pharmazeutischen Informationen zu dem jeweiligen Medikament."}],"type":8,"value":"p"}],"rxDifferenceModal.ePrescription.codes.title":[{"type":0,"value":"Die Rezept-Codes"}],"rxDifferenceModal.ePrescription.description":[{"type":0,"value":"Sie erkennen ein E-Rezept daran, dass sich auf dem Ausdruck neben den Verschreibungen mehrere Codes befinden."}],"rxDifferenceModal.ePrescription.title":[{"type":0,"value":"Das E-Rezept als Ausdruck"}],"rxDifferenceModal.insuranceCard.title":[{"type":0,"value":"Das E-Rezept auf der Krankenkassenkarte"}],"rxDifferenceModal.learnMore":[{"type":0,"value":"Mehr erfahren"}],"rxDifferenceModal.title":[{"type":0,"value":"Ist mein Rezept ein E-Rezept?"}],"rxSelectModal.conventionalPrescription":[{"type":0,"value":"Herkömmliches Rezept"}],"rxSelectModal.conventionalPrescription.info":[{"type":0,"value":"Derzeit ist ein E-Rezept nicht mit dem im Warenkorb befindlichen herkömmlichen Rezept kombinierbar. Bitte schließen Sie zunächst Ihre Bestellung ab oder entfernen Sie das rezeptpflichtige Produkt aus dem Warenkorb."}],"rxSelectModal.description":[{"type":0,"value":"Handelt es sich bei Ihrem Kassenrezept um ein herkömmliches Rezept oder ein E-Rezept?"}],"rxSelectModal.differenceLink":[{"type":0,"value":"Ist mein Rezept ein E-Rezept?"}],"rxSelectModal.ePrescription":[{"type":0,"value":"E-Rezept"}],"rxSelectModal.ePrescription.info":[{"type":0,"value":"Derzeit ist ein herkömmliches Rezept nicht mit dem im Warenkorb befindlichen E-Rezept kombinierbar. Bitte schließen Sie zunächst Ihre Bestellung ab oder entfernen Sie das E-Rezept aus dem Warenkorb. Zudem können Sie Ihr herkömmliches Rezept auch weiterhin wie gewohnt postalisch bei uns einlösen."}],"rxSelectModal.mirakl.info":[{"type":0,"value":"Derzeit kann das E-Rezept nicht mit den Produkten im Warenkorb kombiniert werden, die von Partnern verkauft und versandt werden. Bitte schließen Sie zunächst Ihre Bestellung ab oder entfernen Sie die Partnerprodukte aus dem Warenkorb."}],"rxSelectModal.nextDayPromise.content.new":[{"type":0,"value":"E-Rezepte, die Sie Montag - Freitag bis 16 Uhr und Samstag bis 13 Uhr online einlösen, werden am darauffolgenden Werktag schon zugestellt. E-Rezepte die von Samstag 13:00 Uhr bis Sonntag 24:00 Uhr eingehen, werden am Dienstag zugestellt. Dies gilt nicht für die Zahlungsweise „Vorkasse“. Ausgeschlossen sind außerdem Rezepturen, Medikamente mit Lieferengpässen, aktiv gekühlte Medikamente und Medikamente, bei denen eine Wechselwirkung festgestellt wird. Im Falle einer Wechselwirkung, werden wir Sie kontaktieren, weshalb die Angabe Ihrer Telefonnummer erforderlich ist. Um Ihnen die schnellstmögliche Lieferung Ihrer rezeptpflichtigen Artikel anbieten zu können, kann es in Ausnahmefällen zu einem nachträglichen Austausch des Versanddienstleisters kommen. Fällt einer der o.g. Wochentage auf einen Feiertag, erfolgt eine Zustellung am 2. Werktag nach Bestelleingang."}],"rxSelectModal.nextDayPromise.title.new":[{"type":0,"value":"E-Rezept: Schnelle Lieferung direkt zu Ihnen nach Hause!"},{"children":[{"type":0,"value":"25"}],"type":8,"value":"sup"}],"rxSelectModal.nfc.button":[{"type":0,"value":"Jetzt App runterladen"}],"rxSelectModal.nfc.info":[{"type":0,"value":"Shop Apotheke App öffnen, Krankenkassenkarte dranhalten und Medikamente nach Hause geliefert bekommen."}],"rxSelectModal.nfc.title":[{"type":0,"value":"E-Rezept auf Krankenkassenkarte?"},{"children":[],"type":8,"value":"break"},{"type":0,"value":" "},{"children":[{"type":0,"value":"Shop Apotheke App."}],"type":8,"value":"accentuate"}],"rxSelectModal.title":[{"type":0,"value":"Rezeptart wählen"}],"seller.modal.agbs.title":[{"type":0,"value":"AGB’s"}],"seller.modal.header.intro":[{"type":0,"value":"Von Shop Apotheke geprüfter Partner"}],"seller.modal.header.showReviews":[{"type":0,"value":"Bewertungen anzeigen"}],"seller.modal.imprint":[{"type":0,"value":"Impressum"}],"seller.modal.info.freeReturn":[{"type":0,"value":"Kostenlose Retoure"}],"seller.modal.info.nonFreeReturn":[{"type":0,"value":"Kostenpflichtige Retoure"}],"seller.modal.info.returnDays":[{"offset":0,"options":{"one":{"value":[{"style":null,"type":2,"value":"days"},{"type":0,"value":" Tag"}]},"other":{"value":[{"style":null,"type":2,"value":"days"},{"type":0,"value":" Tage"}]}},"pluralType":"cardinal","type":6,"value":"days"},{"type":0,"value":" Rückgaberecht"}],"seller.modal.info.shippingFrom":[{"type":0,"value":"Versand aus "},{"type":1,"value":"shippingCountry"}],"seller.modal.info.shippingFrom.country.at":[{"type":0,"value":"Österreich"}],"seller.modal.info.shippingFrom.country.be":[{"type":0,"value":"Belgien"}],"seller.modal.info.shippingFrom.country.de":[{"type":0,"value":"Deutschland"}],"seller.modal.info.shippingFrom.country.it":[{"type":0,"value":"Italien"}],"seller.modal.info.title":[{"type":0,"value":"Informationen zum Verkäufer"}],"seller.modal.privacy.notice":[{"type":0,"value":"Datenschutzerklärung"}],"seller.modal.privacy.title":[{"type":0,"value":"Datenschutzerklärung "},{"type":1,"value":"seller"}],"seller.modal.ratings.faq":[{"type":0,"value":"So berechnet sich die Händlerbewertung"}],"seller.modal.return.policy":[{"type":0,"value":"Rückgaben"}],"seller.modal.reviews.back":[{"type":0,"value":"Zurück"}],"seller.modal.reviews.title":[{"type":0,"value":"Verkäuferbewertungen"}],"seller.modal.show.gdpr":[{"type":0,"value":"Datenschutzerklärung anzeigen für "},{"type":1,"value":"seller"}],"seller.modal.show.terms":[{"type":0,"value":"AGBs anzeigen"}],"seller.modal.title":[{"type":0,"value":"Informationen zum Verkäufer"}],"sellerReview.label.replyedBy.replyedOn":[{"type":0,"value":"Antwort von "},{"type":1,"value":"seller"},{"type":0,"value":" am "},{"type":1,"value":"date"}],"shareBox.label.userMessage":[{"type":0,"value":"Ich möchte dir diesen Artikel empfehlen "},{"type":1,"value":"url"}],"social.links.label.facebook":[{"type":0,"value":"Facebook"}],"social.links.label.mail":[{"type":0,"value":"E-Mail"}],"social.links.label.twitter":[{"type":0,"value":"Twitter"}],"social.links.label.whatsapp":[{"type":0,"value":"WhatsApp"}],"socialModal.button.copyLink":[{"type":0,"value":"Produktlink kopieren"}],"socialModal.label.linkCopied":[{"type":0,"value":"Erfolgreich kopiert"}],"socialModal.label.title":[{"type":0,"value":"Produkt teilen"}],"userReview.form.button.label.submit":[{"type":0,"value":"Bewertung absenden"}],"userReview.form.input.label.headline":[{"type":0,"value":"Überschrift"}],"userReview.form.input.label.review":[{"type":0,"value":"Ihre Bewertung"}],"userReview.form.label.anonymization":[{"type":0,"value":"Um Ihre Bewertung zu anonymisieren und Ihre Privatsphäre zu schützen, wird die Bewertung unter gekürztem Namen angezeigt."}],"userReview.form.writeRating":[{"type":0,"value":"Bewertung schreiben"}],"userReview.label.byCustomer":[{"type":0,"value":"von"}],"userReview.label.fromOneCostumer":[{"type":0,"value":"einem Kunden"}],"userReview.label.information_ho":[{"type":0,"value":"Es fehlen noch "},{"type":1,"value":"numberOfMissingWords"},{"type":0,"value":" Wörter für eine Premium-Bewertung. Für jede Premium-Bewertung schenkt Ihnen die Shop Apotheke einen 5%-Gutschein für den nächsten Einkauf!"}],"userReview.label.onDate":[{"type":0,"value":"am"}],"userReviewForm.label.headline":[{"type":0,"value":"Wie viele Sterne geben Sie dem Produkt?"}],"variantAttributes.contactLens.addition.info.headline":[{"type":0,"value":"Was ist die Addition?"}],"variantAttributes.contactLens.addition.info.massage":[{"type":0,"value":"Die Addition beschreibt die Stärke Ihrer Kontaktlinse, die zusätzlich zu Ihrer Fernkorrektion für scharfes Sehen in der Nähe benötigt wird. Dieser Wert existiert nur bei Gleitsichtlinsen und wird in Dioptrien angegeben."}],"variantAttributes.contactLens.axis.info.headline":[{"type":0,"value":"Was ist die Achse?"}],"variantAttributes.contactLens.axis.info.massage":[{"type":0,"value":"Die Achse beschreibt die Ausrichtung des Zylinders, der zur Korrektion Ihrer Hornhautverkrümmung benötigt wird. Sie wird in einem Gradschema von 0° bis 180° angegeben und ist für die exakte Ausrichtung ihrer Kontaktlinse notwendig."}],"variantAttributes.contactLens.baseCurve.info.headline":[{"type":0,"value":"Was ist die Basiskurve?"}],"variantAttributes.contactLens.baseCurve.info.massage":[{"type":0,"value":"Die Basiskurve gibt die Krümmung Ihrer Kontaktlinse an und ist verantwortlich für den korrekten Sitz der Linse. Kontaktlinsen haben generell eine Basiskurve zwischen 8,3 und 9,0 mm."}],"variantAttributes.contactLens.cylinder.info.headline":[{"type":0,"value":"Was ist der Zylinder?"}],"variantAttributes.contactLens.cylinder.info.massage":[{"type":0,"value":"Der Zylinder-Wert gibt die Höhe der zu korrigierenden Hornhautverkrümmung an. Der Wert kann für beide Augen variieren."}],"variantAttributes.contactLens.diameter.info.headline":[{"type":0,"value":"Was ist der Durchmesser?"}],"variantAttributes.contactLens.diameter.info.massage":[{"type":0,"value":"Hier wird der Linsendurchmesser angegeben. Weiche Kontaktlinsen haben durchschnittlich eine Größe von 12 bis 16mm, bei harten Linsen liegt der Durchmesser in der Regel zwischen 8 und 10 mm."}],"variantAttributes.contactLens.dioptre.info.headline":[{"type":0,"value":"Was ist Dioptrien?"}],"variantAttributes.contactLens.dioptre.info.massage":[{"type":0,"value":"Die optische Stärke Ihrer Kontaktlinse wird in der Einheit Dioptrien (auch Sphäre oder PWR) angegeben. Sie finden die sphärischen Werte auf Ihrem Kontaktlinsenpass sowie auf der Kontaktlinsenpackung.\n\nAchten Sie bei Ihrer Bestellung auf das jeweilige Vorzeichen: Ein negativer Wert mit einem Minus  vor der Zahl steht für eine Kurzsichtigkeit, ein positiver Wert  für Weitsichtigkeit. Je höher die Dioptrien-Zahl, desto stärker ist Ihre Fehlsichtigkeit."}],"variantAttributes.contactLens.notification.clickHere":[{"type":0,"value":"Klicken Sie hier"}],"variantAttributes.contactLens.notification.label":[{"type":0,"value":"Benötigen Sie Kontaktlinsen mit unterschiedlichen Werten für Ihr linkes und rechtes Auge? "}],"variantAttributes.contactLens.notification.modal.infoMassage":[{"type":0,"value":"Wenn Sie unterschiedliche Sehstärken für Ihre Augen benötigen, konfigurieren Sie zuerst für Ihr rechtes Auge die Kontaktlinse mit Ihren benötigten Korrektionswerten und legen Sie diese in den Warenkorb. Wiederholen Sie danach diesen Vorgang für Ihr linkes Auge und passen Sie dabei die Werte Ihrer Sehstärke entsprechend an."}],"variantAttributes.contactLens.notification.modal.title":[{"type":0,"value":"Benötigen Sie Kontaktlinsen mit unterschiedlichen Korrektionswerten?"}],"variantAttributes.contactLens.regionLabel":[{"type":0,"value":"Korrektionswerte"}],"variantAttributes.label.color_number":[{"type":0,"value":"Farbe"}],"variantAttributes.label.package_size":[{"type":0,"value":"Packungsgröße"}],"variantAttributes.message.configureProduct":[{"type":0,"value":"Bitte wählen Sie eine Produkt Variante"}],"variantAttributes.message.notPossible":[{"type":0,"value":"Diese Kombination ist leider nicht verfügbar"}],"variantAttributes.message.selectProductVariant":[{"type":0,"value":"Produkt Variante wählen"}],"variantAttributes.select.pleaseSelect.label":[{"type":0,"value":"Bitte auswählen"}],"volumePricing.modal.heading":[{"type":0,"value":"So errechnet sich Ihr Preis:"}],"volumePricing.modal.notification.content":[{"type":0,"value":"Bei diesem Angebot können Sie von einem Mengenrabatt profitieren. Legen Sie einfach die gewünschte Menge in Ihren Warenkorb und der Rabatt wird automatisch abgezogen."}],"volumePricing.modal.notification.title":[{"type":0,"value":"Jetzt extra sparen"}],"volumePricing.modal.table.morePieces.label":[{"type":0,"value":"oder mehr"}],"volumePricing.modal.table.pieces.label":[{"type":0,"value":"Stück"}],"volumePricing.modal.table.quantity.label":[{"type":0,"value":"Menge"}],"volumePricing.modal.table.savingPrice.label":[{"type":0,"value":"Sparpreis"}],"volumePricing.modal.title":[{"type":0,"value":"Mengenrabatt"}],"volumePricing.otherOffers.label":[{"type":0,"value":"Mengenrabatt"}],"volumePricing.pdp.label.maxDiscount.text":[{"type":1,"value":"discount"},{"type":0,"value":"% Mengenrabatt aktiviert"}],"volumePricing.pdp.label.text":[{"type":0,"value":"Ab "},{"type":1,"value":"quantity"},{"type":0,"value":" Stück "},{"type":1,"value":"discount"},{"type":0,"value":"% sparen."}]},"productPageConfig":{"servicePdfPath":"/media/pdf/patientenbogen.pdf"},"productPageData":{"appsFlyerBannerConfig":{"key":"eef8ccbe-6809-43a5-b3f8-c15c312f2e88"},"breadcrumbs":[{"item":"https://www.shop-apotheke.com/homoeopathie-naturprodukte/","name":"Homöopathie"},{"item":"https://www.shop-apotheke.com/homoeopathie-kinder/","name":"Homöopathie für Kinder"},{"item":"https://www.shop-apotheke.com/homoeopathie-erkaeltung-grippe-kinder/","name":"Erkältung \u0026 Grippe"},{"name":"Bronchobini®"}],"channel":"direct","experimentOwnBrandsOverlayProduct":null,"faqs":[],"followUpProduct":null,"gtmDataProps":{"gtmApiUrl":"/homeone/api/bully/de/gtmDataLayer/v1/com/events/product/?offerIds=COM10044240\u0026upids=10044240","gtmDataToPush":[{"app":{"env":"production","name":"fock","version":"1"},"countryCode":"DE","econda":{"countryid":"com","siteId":"www.shop-apotheke.com"},"languageCode":"de","navigation":{"content":"Produktdetailseite/10044240","deepLink":"/homoeopathie/10044240/bronchobini.htm","domain":"www.shop-apotheke.com","pageId":"Produktdetailseite","pageNumber":"1","requestUrl":"https%3A%2F%2Fwww.shop-apotheke.com%2Fhomoeopathie%2F10044240%2Fbronchobini.htm","siteType":"product"},"request":{"adword":"NULL","cmd":"NULL","newsletter":"NULL","product":"NULL","quantity":"NULL"}}]},"pageParams":{"master":null,"offerId":null},"product":{"alternate_urls":{"de-AT":"https://www.shop-apotheke.at/homoeopathie/D10044240/bronchobini.htm","de-DE":"https://www.shop-apotheke.com/homoeopathie/10044240/bronchobini.htm"},"brand_intern":"Bronchobini","canonical_url":"https://www.shop-apotheke.com/homoeopathie/10044240/bronchobini.htm","categories":[{"area":"categories","code":"csd00866","label":"Husten","path":"/Homöopathie/Homöopathisch/Erkältung \u0026 Grippe/Husten","path_from_root":[{"code":"csd00850","label":"Homöopathie"},{"code":"csd00852","label":"Homöopathisch"},{"code":"csd06379","label":"Erkältung \u0026 Grippe"}]},{"area":"categories","code":"csd03196","label":"Husten","path":"/Arzneimittel \u0026 Gesundheit/Erkältung \u0026 Grippe/Homöopathische Mittel/Husten","path_from_root":[{"code":"csd00001","label":"Arzneimittel \u0026 Gesundheit"},{"code":"csd00061","label":"Erkältung \u0026 Grippe"},{"code":"csd03191","label":"Homöopathische Mittel"}]},{"area":"categories","code":"csd07720","label":"Erkältung \u0026 Grippe","path":"/Homöopathie/Homöopathie für Kinder/Erkältung \u0026 Grippe","path_from_root":[{"code":"csd00850","label":"Homöopathie"},{"code":"csd02760","label":"Homöopathie für Kinder"}]}],"category":{"area":"categories","code":"csd07720","label":"Erkältung \u0026 Grippe","path":"/Homöopathie/Homöopathie für Kinder/Erkältung \u0026 Grippe","path_from_root":[{"code":"csd00850","label":"Homöopathie"},{"code":"csd02760","label":"Homöopathie für Kinder"}]},"created":"2014-01-27T00:00:00Z","description_long":"\u003cp\u003eHomöopathisches Arzneimittel bei Erkrankungen der Atemwege\u003c/p\u003e\n\u003cul\u003e\n  \u003cli\u003eNimmt lästigen Erkältungshusten\u003cbr\u003e\n    \u003c/li\u003e\n  \u003cli\u003eStillt den Hustenreiz und bessert die Entzündung \u003cbr\u003e\n    \u003c/li\u003e\n  \u003cli\u003eBereits für Babys ab dem 6. Monat geeignet \u003c/li\u003e\n\u003c/ul\u003e\n\u003cstrong\u003eAnwendungsgebiete:\u003c/strong\u003e\u003cbr\u003e\nDie Anwendungsgebiete entsprechen den homöopathischen Arzneimittelbildern. Dazu gehört: Besserung der Beschwerden bei Entzündungen der Atemwege.\u003cbr\u003e\u003cbr\u003e\n  \u003cstrong\u003eHinweis: \u003c/strong\u003e\u003cbr\u003eBei länger anhaltenden Beschwerden, bei Atemnot, bei Fieber oder bei eitrigem oder blutigem Auswurf sollte ein Arzt aufgesucht werden\n\u003cp\u003e\u003cstrong\u003eGegenanzeigen:\u003c/strong\u003e\u003cbr\u003e\nKeine bekannt.\u003cbr\u003e\u003cbr\u003e\u003cstrong\u003eVorsichtsmaßnahmen für die Anwendung:\u003c/strong\u003e\u003cbr\u003eBei Gesichtsschwellungen, Fieber, starken Kopfschmerzen, sowie bei anhaltenden, unklaren oder neu auftretenden Beschwerden sollte ein Arzt aufgesucht werden.\u003c/p\u003e\u003cp\u003eDa keine ausreichend dokumentierten Erfahrungen zur Anwendung in der Schwangerschaft und Stillzeit vorliegen, sollte dieses Arzneimittel in der Schwangerschaft und Stillzeit nur nach Rücksprache mit dem Arzt angewendet werden.\u003c/p\u003e\u003cp\u003eZur Anwendung dieses Arzneimittels bei Säuglingen unter 6 Monaten liegen keine ausreichend dokumentierten Erfahrungen vor. Es soll deshalb bei Säuglingen unter 6 Monaten nicht angewendet werden.\u003c/p\u003e\u003cp\u003e\u003cstrong\u003eWarnhinweise:\u003c/strong\u003e\u003cbr\u003eDieses Arzneimittel enthält Sucrose. Bitte nehmen Sie Bronchobini erst nach Rücksprache mit Ihrem Arzt ein, wenn Ihnen bekannt ist, dass Sie unter einer Unverträglichkeit gegenüber bestimmten Zuckern leiden.\u003cbr\u003e\u003cbr\u003e\u003cstrong\u003eDauer der Behandlung:\u003c/strong\u003e\u003cbr\u003eAuch homöopathische Arzneimittel sollten ohne ärztlichen Rat nicht über längere Zeit eingenommen werden.\u003cbr\u003e\u003cbr\u003e\u003cstrong\u003eHinweise für die Anwendung:\u003c/strong\u003e\u003cbr\u003eNehmen Sie nicht die doppelte Dosis ein, wenn Sie die vorherige Anwendung vergessen haben. Wenn Sie weitere Fragen zur Anwendung des Arzneimittels haben, fragen Sie Ihren Arzt oder Apotheker.\u003cbr\u003e\u003cbr\u003e\u003cstrong\u003eNebenwirkungen:\u003c/strong\u003e\u003cbr\u003eKeine bekannt.\u003cbr\u003eHinweis: Bei der Anwendung eines homöopathischen Arzneimittels können sich die vorhandenen Beschwerden vorübergehend verschlimmern (Erstverschlimmerung). In diesem Fall sollten Sie das Arzneimittel absetzen und Ihren Arzt befragen. Wenn Sie Nebenwirkungen beobachten, teilen Sie diese bitte Ihrem Arzt oder Apotheker mit.\u003cbr\u003e\u003cbr\u003e\u003cstrong\u003eDosierung:\u003c/strong\u003e\u003cbr\u003e\u003cstrong\u003eAkutdosierung: Alle halbe bis ganze Stunde, höchstens 6-mal täglich\u003c/strong\u003e\u003c/p\u003e\u003ctable border=\"1\" cellpadding=\"5\" cellspacing=\"0\"\u003e\u003ctbody\u003e\u003ctr\u003e\u003ctd\u003e\u003cp\u003eSäuglinge\u003cbr\u003ebis zum 1. Lebensjahr\u003cbr\u003enach Rücksprache mit einem Arzt\u003c/p\u003e\u003c/td\u003e\u003ctd\u003e\u003cbr\u003eje 1–2 Globuli\u003cbr\u003e(maximal 10 Globuli/Tag)\u003c/td\u003e\u003c/tr\u003e\u003ctr\u003e\u003ctd\u003eKleinkinder\u003cbr\u003ebis zum 6. Lebensjahr\u003cbr\u003enach Rücksprache mit einem Arzt\u003c/td\u003e\u003ctd\u003e\u003cbr\u003eje 2–3 Globuli\u003cbr\u003e(maximal 15 Globuli/Tag)\u003c/td\u003e\u003c/tr\u003e\u003ctr\u003e\u003ctd\u003eKinder\u003cbr\u003ezwischen dem 6. und 12.\u003cbr\u003eLebensjahr\u003c/td\u003e\u003ctd\u003e\u003cbr\u003e\u0026nbsp;je 3–4 Globuli\u003cbr\u003e(maximal 20 Globuli/Tag)\u003c/td\u003e\u003c/tr\u003e\u003ctr\u003e\u003ctd\u003e\u003cp\u003eJugendliche\u003cbr\u003eab 12 Jahren und\u003cbr\u003eErwachsene\u003c/p\u003e\u003c/td\u003e\u003ctd\u003e\u003cbr\u003eje 5 Globuli\u003cbr\u003e(maximal 30 Globuli/Tag)\u003c/td\u003e\u003c/tr\u003e\u003c/tbody\u003e\u003c/table\u003e\u003cp\u003e\u003cbr\u003e\u003cstrong\u003eDosierung bei länger andauernden Verlaufsformen täglich 1–3-mal täglich\u003c/strong\u003e\u003c/p\u003e\u003ctable border=\"1\" cellpadding=\"5\" cellspacing=\"0\"\u003e\u003ctbody\u003e\u003ctr\u003e\u003ctd\u003e\u003cp\u003eSäuglinge\u003cbr\u003ebis zum 1. Lebensjahr\u003cbr\u003enach Rücksprache mit einem Arzt\u003c/p\u003e\u003c/td\u003e\u003ctd\u003e\u003cbr\u003eje 1–2 Globuli\u003cbr\u003e(maximal 5 Globuli/Tag)\u003c/td\u003e\u003c/tr\u003e\u003ctr\u003e\u003ctd\u003eKleinkinder\u003cbr\u003ebis zum 6. Lebensjahr\u003cbr\u003enach Rücksprache mit einem Arzt\u003c/td\u003e\u003ctd\u003e\u003cbr\u003eje 2–3 Globuli\u003cbr\u003e(maximal 8 Globuli/Tag)\u003c/td\u003e\u003c/tr\u003e\u003ctr\u003e\u003ctd\u003eKinder\u003cbr\u003ezwischen dem 6. und 12.\u003cbr\u003eLebensjahr\u003c/td\u003e\u003ctd\u003e\u003cbr\u003eje 3–4 Globuli\u003cbr\u003e(maximal 10 Globuli/Tag)\u003c/td\u003e\u003c/tr\u003e\u003ctr\u003e\u003ctd\u003eJugendliche\u003cbr\u003eab 12 Jahren und\u003cbr\u003eErwachsene\u003c/td\u003e\u003ctd\u003e\u003cbr\u003eje 5 Globuli\u003cbr\u003e(maximal 15 Globuli/Tag)\u003c/td\u003e\u003c/tr\u003e\u003c/tbody\u003e\u003c/table\u003e\u003cp\u003e\u0026nbsp;\u003c/p\u003e","description_short":"Homöopathisches Arzneimittel bei Erkrankungen der Atemwege","dimensions":{"depth":81,"height":50,"weight":25,"width":47},"display_code":"10044240","divisibility":"keine Angabe","documents":[{"mimetype":"application/pdf","type":"external-bp","url":"https://api.gebrauchs.info/d9fcd56e00a82773d471cf86f1a1dabdi"}],"ean":"4047642004641","external_leaflet":true,"external_lmiv":false,"flags":{"alcohol_free":{"active":false,"label":"Alkoholfrei"},"bio":{"active":false,"label":"BIO"},"cbd":{"active":false,"label":"CBD-haltig"},"cool":{"active":false,"label":"kühlpflichtig"},"diet":{"active":false,"label":"Diätikum"},"food":{"active":false,"label":"Lebensmittel"},"gluten_free":{"active":false,"label":"Glutenfrei"},"herbal":{"active":false,"label":"pflanzlich"},"homeopathic":{"active":true,"label":"homöopathisch"},"lactose_free":{"active":false,"label":"Laktosefrei"},"marketplace":{"active":false,"label":"Marketplace Product"},"medical_device":{"active":false,"label":"Medizinprodukt"},"medicament":{"active":true,"label":"Arzneimittel"},"microplastic_free":{"active":false,"label":"Mikroplastikfrei"},"nem":{"active":false,"label":"Nahrungsergänzungsmittel"},"pharma_obl":{"active":true,"label":"apothekenpflichtig"},"prescription_medicine":{"active":false,"label":"rezeptpflichtig"},"product_subscription":{"active":true,"label":"ABO"},"sugar_free":{"active":false,"label":"Zuckerfrei"},"vegan":{"active":false,"label":"vegan"},"vegetarian":{"active":false,"label":"vegetarisch"},"veterinary":{"active":false,"label":"Tierarzneimittel"}},"has_split_attributes":false,"icd10":[{"description":"Akute Infektion der oberen Atemwege, nicht näher bezeichnet","id":"J06.9"},{"description":"Infektion der Atemwege, anderenorts nicht klassifiziert","id":"J98.7"},{"description":"Sonstige näher bezeichnete Krankheiten der Atemwege","id":"J98.8"}],"ifap":{"active":false},"images":["https://cdn.shop-apotheke.com/images/D10/044/240/D10044240-p1.jpg"],"lifestyle_product":"false","manufacturer":{"code":"A036260","name":"Biologische Heilmittel Heel GmbH"},"name":"Bronchobini®","not_discountable":false,"now_product_group":"sameday_nextday","offers_count":1,"order_limit":15,"origin":"ax","package_size":{"norm":"N1","quantity":"2","unit":"g","value":2},"path":"/homoeopathie/10044240/bronchobini.htm","pharma_form":{"code":"GLO","label":"Globuli"},"prices":{"list":{"amount":1443,"currency":"EUR","formatted":"€ 14,43"}},"pzn":"10044240","rating":{"average":5,"count":7,"path":"/produktbewertungen/10044240/bronchobini.htm"},"seller_count":1,"stock_status":"available","subbrand_intern":"Bronchobini®","substances":[{"agent_id":"1666102","description":"Atropa belladonna D5","quantity":0.5,"type":0,"unit":"mg"},{"agent_id":"1695902","description":"Cephaelis ipecacuanha D3","quantity":1,"type":0,"unit":"mg"},{"agent_id":"1696202","description":"Cetraria islandica D3","quantity":0.5,"type":0,"unit":"mg"},{"agent_id":"1721002","description":"Bryonia D3","quantity":0.5,"type":0,"unit":"mg"},{"agent_id":"1731702","description":"Drosera D3","quantity":0.5,"type":0,"unit":"mg"},{"agent_id":"530401","description":"Saccharose ","quantity":0,"type":1}],"topseller_count":454,"type":"article","updated":"2024-12-03T05:18:52Z","upid":"10044240","variant_attributes":[{"label":"Menge","personal":false,"type":"TEXT","value":"2 g","variant_attribute":"package_size","complete":false}],"variant_code":"3346906400","variants":[{"alternate_urls":{"de-AT":"https://www.shop-apotheke.at/homoeopathie/D10044240/bronchobini.htm","de-DE":"https://www.shop-apotheke.com/homoeopathie/10044240/bronchobini.htm"},"brand_intern":"Bronchobini","canonical_url":"https://www.shop-apotheke.com/homoeopathie/10044240/bronchobini.htm","categories":[{"area":"categories","code":"csd00866","label":"Husten","path":"/Homöopathie/Homöopathisch/Erkältung \u0026 Grippe/Husten","path_from_root":[{"code":"csd00850","label":"Homöopathie"},{"code":"csd00852","label":"Homöopathisch"},{"code":"csd06379","label":"Erkältung \u0026 Grippe"}]},{"area":"categories","code":"csd03196","label":"Husten","path":"/Arzneimittel \u0026 Gesundheit/Erkältung \u0026 Grippe/Homöopathische Mittel/Husten","path_from_root":[{"code":"csd00001","label":"Arzneimittel \u0026 Gesundheit"},{"code":"csd00061","label":"Erkältung \u0026 Grippe"},{"code":"csd03191","label":"Homöopathische Mittel"}]},{"area":"categories","code":"csd07720","label":"Erkältung \u0026 Grippe","path":"/Homöopathie/Homöopathie für Kinder/Erkältung \u0026 Grippe","path_from_root":[{"code":"csd00850","label":"Homöopathie"},{"code":"csd02760","label":"Homöopathie für Kinder"}]}],"category":{"area":"categories","code":"csd07720","label":"Erkältung \u0026 Grippe","path":"/Homöopathie/Homöopathie für Kinder/Erkältung \u0026 Grippe","path_from_root":[{"code":"csd00850","label":"Homöopathie"},{"code":"csd02760","label":"Homöopathie für Kinder"}]},"created":"2014-01-27T00:00:00Z","description_long":"\u003cp\u003eHomöopathisches Arzneimittel bei Erkrankungen der Atemwege\u003c/p\u003e\n\u003cul\u003e\n  \u003cli\u003eNimmt lästigen Erkältungshusten\u003cbr\u003e\n    \u003c/li\u003e\n  \u003cli\u003eStillt den Hustenreiz und bessert die Entzündung \u003cbr\u003e\n    \u003c/li\u003e\n  \u003cli\u003eBereits für Babys ab dem 6. Monat geeignet \u003c/li\u003e\n\u003c/ul\u003e\n\u003cstrong\u003eAnwendungsgebiete:\u003c/strong\u003e\u003cbr /\u003e\nDie Anwendungsgebiete entsprechen den homöopathischen Arzneimittelbildern. Dazu gehört: Besserung der Beschwerden bei Entzündungen der Atemwege.\u003cbr /\u003e\u003cbr /\u003e\n  \u003cstrong\u003eHinweis: \u003c/strong\u003e\u003cbr /\u003eBei länger anhaltenden Beschwerden, bei Atemnot, bei Fieber oder bei eitrigem oder blutigem Auswurf sollte ein Arzt aufgesucht werden\n\u003cp\u003e\u003cstrong\u003eGegenanzeigen:\u003c/strong\u003e\u003cbr /\u003e\nKeine bekannt.\u003cbr /\u003e\u003cbr /\u003e\u003cstrong\u003eVorsichtsmaßnahmen für die Anwendung:\u003c/strong\u003e\u003cbr /\u003eBei Gesichtsschwellungen, Fieber, starken Kopfschmerzen, sowie bei anhaltenden, unklaren oder neu auftretenden Beschwerden sollte ein Arzt aufgesucht werden.\u003c/p\u003e\u003cp\u003eDa keine ausreichend dokumentierten Erfahrungen zur Anwendung in der Schwangerschaft und Stillzeit vorliegen, sollte dieses Arzneimittel in der Schwangerschaft und Stillzeit nur nach Rücksprache mit dem Arzt angewendet werden.\u003c/p\u003e\u003cp\u003eZur Anwendung dieses Arzneimittels bei Säuglingen unter 6 Monaten liegen keine ausreichend dokumentierten Erfahrungen vor. Es soll deshalb bei Säuglingen unter 6 Monaten nicht angewendet werden.\u003c/p\u003e\u003cp\u003e\u003cstrong\u003eWarnhinweise:\u003c/strong\u003e\u003cbr /\u003eDieses Arzneimittel enthält Sucrose. Bitte nehmen Sie Bronchobini erst nach Rücksprache mit Ihrem Arzt ein, wenn Ihnen bekannt ist, dass Sie unter einer Unverträglichkeit gegenüber bestimmten Zuckern leiden.\u003cbr /\u003e\u003cbr /\u003e\u003cstrong\u003eDauer der Behandlung:\u003c/strong\u003e\u003cbr /\u003eAuch homöopathische Arzneimittel sollten ohne ärztlichen Rat nicht über längere Zeit eingenommen werden.\u003cbr /\u003e\u003cbr /\u003e\u003cstrong\u003eHinweise für die Anwendung:\u003c/strong\u003e\u003cbr /\u003eNehmen Sie nicht die doppelte Dosis ein, wenn Sie die vorherige Anwendung vergessen haben. Wenn Sie weitere Fragen zur Anwendung des Arzneimittels haben, fragen Sie Ihren Arzt oder Apotheker.\u003cbr /\u003e\u003cbr /\u003e\u003cstrong\u003eNebenwirkungen:\u003c/strong\u003e\u003cbr /\u003eKeine bekannt.\u003cbr /\u003eHinweis: Bei der Anwendung eines homöopathischen Arzneimittels können sich die vorhandenen Beschwerden vorübergehend verschlimmern (Erstverschlimmerung). In diesem Fall sollten Sie das Arzneimittel absetzen und Ihren Arzt befragen. Wenn Sie Nebenwirkungen beobachten, teilen Sie diese bitte Ihrem Arzt oder Apotheker mit.\u003cbr /\u003e\u003cbr /\u003e\u003cstrong\u003eDosierung:\u003c/strong\u003e\u003cbr /\u003e\u003cstrong\u003eAkutdosierung: Alle halbe bis ganze Stunde, höchstens 6-mal täglich\u003c/strong\u003e\u003c/p\u003e\u003ctable cellspacing=\"0\" cellpadding=\"5\" border=\"1\"\u003e\u003ctbody\u003e\u003ctr\u003e\u003ctd\u003e\u003cp\u003eSäuglinge\u003cbr /\u003ebis zum 1. Lebensjahr\u003cbr /\u003enach Rücksprache mit einem Arzt\u003c/p\u003e\u003c/td\u003e\u003ctd\u003e\u003cbr /\u003eje 1\u0026ndash;2 Globuli\u003cbr /\u003e(maximal 10 Globuli/Tag)\u003c/td\u003e\u003c/tr\u003e\u003ctr\u003e\u003ctd\u003eKleinkinder\u003cbr /\u003ebis zum 6. Lebensjahr\u003cbr /\u003enach Rücksprache mit einem Arzt\u003c/td\u003e\u003ctd\u003e\u003cbr /\u003eje 2\u0026ndash;3 Globuli\u003cbr /\u003e(maximal 15 Globuli/Tag)\u003c/td\u003e\u003c/tr\u003e\u003ctr\u003e\u003ctd\u003eKinder\u003cbr /\u003ezwischen dem 6. und 12.\u003cbr /\u003eLebensjahr\u003c/td\u003e\u003ctd\u003e\u003cbr /\u003e\u0026nbsp;je 3\u0026ndash;4 Globuli\u003cbr /\u003e(maximal 20 Globuli/Tag)\u003c/td\u003e\u003c/tr\u003e\u003ctr\u003e\u003ctd\u003e\u003cp\u003eJugendliche\u003cbr /\u003eab 12 Jahren und\u003cbr /\u003eErwachsene\u003c/p\u003e\u003c/td\u003e\u003ctd\u003e\u003cbr /\u003eje 5 Globuli\u003cbr /\u003e(maximal 30 Globuli/Tag)\u003c/td\u003e\u003c/tr\u003e\u003c/tbody\u003e\u003c/table\u003e\u003cp\u003e\u003cbr /\u003e\u003cstrong\u003eDosierung bei länger andauernden Verlaufsformen täglich 1\u0026ndash;3-mal täglich\u003c/strong\u003e\u003c/p\u003e\u003ctable cellspacing=\"0\" cellpadding=\"5\" border=\"1\"\u003e\u003ctbody\u003e\u003ctr\u003e\u003ctd\u003e\u003cp\u003eSäuglinge\u003cbr /\u003ebis zum 1. Lebensjahr\u003cbr /\u003enach Rücksprache mit einem Arzt\u003c/p\u003e\u003c/td\u003e\u003ctd\u003e\u003cbr /\u003eje 1\u0026ndash;2 Globuli\u003cbr /\u003e(maximal 5 Globuli/Tag)\u003c/td\u003e\u003c/tr\u003e\u003ctr\u003e\u003ctd\u003eKleinkinder\u003cbr /\u003ebis zum 6. Lebensjahr\u003cbr /\u003enach Rücksprache mit einem Arzt\u003c/td\u003e\u003ctd\u003e\u003cbr /\u003eje 2\u0026ndash;3 Globuli\u003cbr /\u003e(maximal 8 Globuli/Tag)\u003c/td\u003e\u003c/tr\u003e\u003ctr\u003e\u003ctd\u003eKinder\u003cbr /\u003ezwischen dem 6. und 12.\u003cbr /\u003eLebensjahr\u003c/td\u003e\u003ctd\u003e\u003cbr /\u003eje 3\u0026ndash;4 Globuli\u003cbr /\u003e(maximal 10 Globuli/Tag)\u003c/td\u003e\u003c/tr\u003e\u003ctr\u003e\u003ctd\u003eJugendliche\u003cbr /\u003eab 12 Jahren und\u003cbr /\u003eErwachsene\u003c/td\u003e\u003ctd\u003e\u003cbr /\u003eje 5 Globuli\u003cbr /\u003e(maximal 15 Globuli/Tag)\u003c/td\u003e\u003c/tr\u003e\u003c/tbody\u003e\u003c/table\u003e\u003cp\u003e\u0026nbsp;\u003c/p\u003e","description_short":"Homöopathisches Arzneimittel bei Erkrankungen der Atemwege","dimensions":{"depth":81,"height":50,"weight":25,"width":47},"display_code":"10044240","divisibility":"keine Angabe","documents":[{"mimetype":"application/pdf","type":"external-bp","url":"https://api.gebrauchs.info/d9fcd56e00a82773d471cf86f1a1dabdi"}],"ean":"4047642004641","external_leaflet":true,"external_lmiv":false,"flags":{"alcohol_free":{"active":false,"label":"Alkoholfrei"},"bio":{"active":false,"label":"BIO"},"cbd":{"active":false,"label":"CBD-haltig"},"cool":{"active":false,"label":"kühlpflichtig"},"diet":{"active":false,"label":"Diätikum"},"food":{"active":false,"label":"Lebensmittel"},"gluten_free":{"active":false,"label":"Glutenfrei"},"herbal":{"active":false,"label":"pflanzlich"},"homeopathic":{"active":true,"label":"homöopathisch"},"lactose_free":{"active":false,"label":"Laktosefrei"},"marketplace":{"active":false,"label":"Marketplace Product"},"medical_device":{"active":false,"label":"Medizinprodukt"},"medicament":{"active":true,"label":"Arzneimittel"},"microplastic_free":{"active":false,"label":"Mikroplastikfrei"},"nem":{"active":false,"label":"Nahrungsergänzungsmittel"},"pharma_obl":{"active":true,"label":"apothekenpflichtig"},"prescription_medicine":{"active":false,"label":"rezeptpflichtig"},"product_subscription":{"active":true,"label":"ABO"},"sugar_free":{"active":false,"label":"Zuckerfrei"},"vegan":{"active":false,"label":"vegan"},"vegetarian":{"active":false,"label":"vegetarisch"},"veterinary":{"active":false,"label":"Tierarzneimittel"}},"has_split_attributes":false,"icd10":[{"description":"Akute Infektion der oberen Atemwege, nicht näher bezeichnet","id":"J06.9"},{"description":"Infektion der Atemwege, anderenorts nicht klassifiziert","id":"J98.7"},{"description":"Sonstige näher bezeichnete Krankheiten der Atemwege","id":"J98.8"}],"ifap":{"active":false},"images":["https://cdn.shop-apotheke.com/images/D10/044/240/D10044240-p1.jpg","https://cdn.shop-apotheke.com/images/D10/044/240/D10044240-p1.jpg"],"lifestyle_product":"false","manufacturer":{"code":"A036260","name":"Biologische Heilmittel Heel GmbH"},"name":"Bronchobini®","not_discountable":false,"now_product_group":"sameday_nextday","offers_count":1,"order_limit":15,"origin":"ax","package_size":{"norm":"N1","quantity":"2","unit":"g","value":2},"path":"/homoeopathie/10044240/bronchobini.htm","pharma_form":{"code":"GLO","label":"Globuli"},"prices":{"list":{"amount":1443,"currency":"EUR","formatted":"€ 14,43"}},"pzn":"10044240","rating":{"average":5,"count":7,"path":"/produktbewertungen/10044240/bronchobini.htm"},"seller_count":1,"stock_status":"available","subbrand_intern":"Bronchobini®","substances":[{"agent_id":"1666102","description":"Atropa belladonna D5","quantity":0.5,"type":0,"unit":"mg"},{"agent_id":"1695902","description":"Cephaelis ipecacuanha D3","quantity":1,"type":0,"unit":"mg"},{"agent_id":"1696202","description":"Cetraria islandica D3","quantity":0.5,"type":0,"unit":"mg"},{"agent_id":"1721002","description":"Bryonia D3","quantity":0.5,"type":0,"unit":"mg"},{"agent_id":"1731702","description":"Drosera D3","quantity":0.5,"type":0,"unit":"mg"},{"agent_id":"530401","description":"Saccharose ","quantity":0,"type":1}],"topseller_count":454,"type":"article","updated":"2024-12-03T05:18:52Z","upid":"10044240","variant_attributes":[{"label":"Menge","personal":false,"type":"TEXT","value":"2 g","variant_attribute":"package_size","complete":false}],"variant_code":"3346906400","vat":{"code":"DE_SR","rate":19},"offers":[{"bestLeadTime":2,"isFreebie":false,"offerId":"COM10044240","nowProductGroup":"sameday_nextday","offerFlags":["bestOffer","bestPrice"],"offerPrice":{"additionalInformation":{"cheapestPrice":{"amount":12.49,"currency":"EUR","timestamp":"2024-12-03T11:08:44.687953489Z"},"discount":{"percentage":17,"percentageCheapestPriceBase":null},"netPrice":10.5,"redPoints":{"amount":124,"endDate":"2023-10-26T23:59:59Z","multiplier":1,"startDate":"2023-10-23T00:00:00Z"}},"basePrice":{"currency":"EUR","amount":624.5,"unit":"g","value":100},"bonus":0,"channel":"direct","coPayment":null,"currency":"EUR","fixedPriceDifference":null,"price":12.49,"shippingPrice":3.99,"totalPrice":16.48},"strikeThroughOfferPrice":{"additionalInformation":null,"basePrice":null,"bonus":0,"channel":null,"coPayment":null,"currency":"EUR","fixedPriceDifference":null,"price":14.99,"shippingPrice":0,"totalPrice":14.99},"offerPromotion":null,"sellerPromotion":null,"offerType":"SAE","taxRate":19,"volumeBasedPrices":[],"prescriptionTypes":["freePrescription","insurancePrescription","noPrescription","privatePrescription"],"prescriptionPriceMap":{"freePrescription":{"additionalInformation":null,"basePrice":null,"bonus":0,"channel":null,"coPayment":0,"currency":"EUR","fixedPriceDifference":0,"price":0,"shippingPrice":0,"totalPrice":0},"insurancePrescription":{"additionalInformation":null,"basePrice":null,"bonus":0,"channel":null,"coPayment":14.99,"currency":"EUR","fixedPriceDifference":0,"price":14.99,"shippingPrice":0,"totalPrice":14.99},"privatePrescription":{"additionalInformation":null,"basePrice":null,"bonus":0,"channel":null,"coPayment":null,"currency":"EUR","fixedPriceDifference":null,"price":12.49,"shippingPrice":0,"totalPrice":12.49}},"quantity":264,"shippings":[],"seller":{"displayName":"Shop Apotheke","freeShipping":false,"sellerGrade":0,"sellerRatingCount":0,"sellerId":"shop-apotheke","shippings":[]},"inventory":[{"level":-1,"qty":93},{"level":2,"qty":171}]}]}],"vat":{"code":"DE_SR","rate":19},"offers":[{"bestLeadTime":2,"isFreebie":false,"offerId":"COM10044240","nowProductGroup":"sameday_nextday","offerFlags":["bestOffer","bestPrice"],"offerPrice":{"additionalInformation":{"cheapestPrice":{"amount":12.49,"currency":"EUR","timestamp":"2024-12-03T11:08:44.689960997Z"},"discount":{"percentage":17,"percentageCheapestPriceBase":null},"netPrice":10.5,"redPoints":{"amount":124,"endDate":"2023-10-26T23:59:59Z","multiplier":1,"startDate":"2023-10-23T00:00:00Z"}},"basePrice":{"currency":"EUR","amount":624.5,"unit":"g","value":100},"bonus":0,"channel":"direct","coPayment":null,"currency":"EUR","fixedPriceDifference":null,"price":12.49,"shippingPrice":3.99,"totalPrice":16.48},"strikeThroughOfferPrice":{"additionalInformation":null,"basePrice":null,"bonus":0,"channel":null,"coPayment":null,"currency":"EUR","fixedPriceDifference":null,"price":14.99,"shippingPrice":0,"totalPrice":14.99},"offerPromotion":null,"sellerPromotion":null,"offerType":"SAE","taxRate":19,"volumeBasedPrices":[],"prescriptionTypes":["freePrescription","insurancePrescription","noPrescription","privatePrescription"],"prescriptionPriceMap":{"freePrescription":{"additionalInformation":null,"basePrice":null,"bonus":0,"channel":null,"coPayment":0,"currency":"EUR","fixedPriceDifference":0,"price":0,"shippingPrice":0,"totalPrice":0},"insurancePrescription":{"additionalInformation":null,"basePrice":null,"bonus":0,"channel":null,"coPayment":14.99,"currency":"EUR","fixedPriceDifference":0,"price":14.99,"shippingPrice":0,"totalPrice":14.99},"privatePrescription":{"additionalInformation":null,"basePrice":null,"bonus":0,"channel":null,"coPayment":null,"currency":"EUR","fixedPriceDifference":null,"price":12.49,"shippingPrice":0,"totalPrice":12.49}},"quantity":264,"shippings":[],"seller":{"displayName":"Shop Apotheke","freeShipping":false,"sellerGrade":0,"sellerRatingCount":0,"sellerId":"shop-apotheke","shippings":[]},"inventory":[{"level":-1,"qty":93},{"level":2,"qty":171}]}]},"productOrderLimitConfig":{"maxQuantityDefault":50,"maxQuantityMultiplier":3,"maxQuantityOtc":15},"productPageOdsConfig":{"odsLandingPageForProduct":null,"findStationaryDoctorUrl":"https://arztsuche.116117.de/pages/arztsuche.xhtml","videoConsultationLink":"/online-arzt-service/videosprechstunde/","zavaHomeTransitionLink":"/transition?target=zava-preview.zavamed.com%2Fde"},"promotionProduct":null,"reviewData":{"allLanguagesSummaries":[{"variant_code":"3346906400","language":"all","averageRating":5,"ratingCount":7,"starsOne":0,"starsTwo":0,"starsThree":0,"starsFour":0,"starsFive":7},{"variant_code":"3346906400","language":"de","averageRating":5,"ratingCount":7,"starsOne":0,"starsTwo":0,"starsThree":0,"starsFour":0,"starsFive":7}],"languageUsedToLoadReviewsOnServer":"de","productReviews":{"summary":{"variant_code":"3346906400","language":"de","averageRating":5,"ratingCount":7,"starsOne":0,"starsTwo":0,"starsThree":0,"starsFour":0,"starsFive":7},"page":1,"pageSize":5,"totalItems":7,"reviews":[{"message":"Als Mutter achte ich besonders darauf, meinen Kindern sanfte und gut verträgliche Medikamente zu geben. Die Bronchibini Globuli haben mich wirklich überzeugt. Mein Sohn hatte immer wieder mit Reizhusten zu kämpfen, und die Globuli haben ihm spürbar geholfen. Ich finde es toll, dass sie rein natürlich sind und keinen bitteren Geschmack haben – mein Kind nimmt sie problemlos ein. Außerdem schätze ich, dass sie keine Nebenwirkungen haben. Ein Produkt, das ich jeder Mama empfehlen kann!","rating":5,"title":"Sanfte Hilfe bei Husten - perfekt für Kinder ","upid":"10044240","categoryCodes":["csd00866","csd06379","csd00852","csd00850","csd03196","csd03191","csd00061","csd00001","csd07720","csd02760","csa04214","csa00850","csa04215","csa00372","csa04287","csa00362"],"customer":{"author":"Mirela A."},"productName":"Bronchobini®","tenant":"com","variant_code":"3346906400","active":true,"blacklistingResults":[],"language":"de","premium":true,"reviewId":"8918aacf-2de4-4218-8202-e9e041b4ee0e","submissionDate":"2024-11-16T06:07:33.056Z","widget":true,"activationDate":"2024-11-18T08:42:46.396Z"},{"message":"Seit ca. 4 Jahren gebe ich meinem Sohn, der sensible Bronchien hat, bei beginnendem Husten die Globuli Bronchobini. Seitdem gesundet er innerhalb von wenigen Tagen und hat seitdem auch kein Antibiotikum mehr gebraucht. Ich kann die Globuli von Bronchobini definitiv bei beginnendem Husten weiterempfehlen, sie helfen dem Körper sich selbst zu helfen und kräftiger zu werden. ","rating":5,"title":"Bronchobini","upid":"10044240","categoryCodes":["csd00866","csd06379","csd00852","csd00850","csd02760","csd03186","csd00372","csd02667","csd00362","csd03196","csd03191","csd00061","csd00001","csa04214","csa00850","csa04215","csa00372","csa04287","csa00362"],"customer":{"author":"Carmen S."},"productName":"Bronchobini®","tenant":"com","variant_code":"3346906400","active":true,"blacklistingResults":[],"language":"de","premium":true,"reviewId":"20d80fee-9de3-42de-afa6-3a38c5f95508","submissionDate":"2023-12-09T15:17:42.024Z","widget":false,"activationDate":"2023-12-11T11:37:13.980Z"},{"active":true,"activationDate":null,"categoryCodes":["csa04214","csa04215","csch00029","csd02760","csd03186","csd03339"],"customer":{"author":"Andrea Z."},"language":"de","message":"Habe die Kügelchen schon im Gebrauch seit meine Kinder ein Jahr alt waren. Das Beste was ich bis jetzt ausprobiert habe. Hilft sehr gut bei Kindern und Erwachsenen. Nehme sie selbst sehr gerne bei Husten und Schnupfen. Da es Globoli sind sollten sie aber länger eingenommen weden bis sie die volle Wirkung entfalten.","premium":true,"productName":"Bronchobini®","rating":5,"reviewId":"8ung8z9z46jufcxv","submissionDate":"2021-11-16T18:26:45Z","tenant":"com","title":"Hilft","upid":"10044240","variant_code":"3346906400","widget":true},{"active":true,"activationDate":"2020-01-28T08:42:55Z","categoryCodes":["csa04214","csa04215","csch00029","csd02760","csd03186","csd03339"],"customer":{"author":"Sabine G."},"language":"de","message":"Wir lieben dieses Produkt, es half bei unseren Sohn extrem gut. Er hatte eine sehr starke Erkältung mit Husten, die sich sehr lang hinzog als er 7 Monaten alt war. Er dürfte bis auf Nasen Tropfen nichts nehmen, dann wurden uns diese Globuli empfohlen und nach einer Woche war alles weg. Super Produkt","premium":true,"productName":"Bronchobini®","rating":5,"reviewId":"5myl2y3jun6zakey","submissionDate":"2020-01-27T21:43:08Z","tenant":"com","title":"Sehr zufrieden","upid":"10044240","variant_code":"3346906400","widget":true},{"active":true,"activationDate":"2019-12-09T07:54:21Z","categoryCodes":["csa04214","csa04215","csch00029","csd02760","csd03186","csd03339"],"customer":{"author":"Sandra K."},"language":"de","message":"Wir benutzen die Bronchobini-Globulis seit unser Sohn sechs Monate alt war.Damals haben wir sie von der Apotheke empfohlen bekommen, und seitdem nie mehr wieder ausgehen lassen. Die Globulis helfen unserer ganzen Familie schnell und zuverlässig und sind meiner Meinung nach sehr zu empfehlen, vor allen wenn man nicht direkt zu stärkeren Mitteln greifen möchte!","premium":true,"productName":"Bronchobini®","rating":5,"reviewId":"8hop1joj3mtgj4yd","submissionDate":"2019-12-06T19:00:08Z","tenant":"com","title":"Schnelle Hilfe bei Husten","upid":"10044240","variant_code":"3346906400","widget":true}]},"showReviewLanguageSelection":true},"shipping":{"marketplaceDeliveryCosts":null,"saeShippingCosts":{"carriers":[{"id":"carrier.dpd.001","default":true,"group":"DPD","displayName":"carrier.dpd.standard","externalCarrierIds":{"parcellab":"dpd-de"},"shippingMethod":"STANDARD","neighbourDeliveryProhibitable":false,"relativeImageUrl":"/pix/logo-dpd.png","trackingLink":"https://tracking.dpd.de/parcelstatus?locale=de_DE\u0026query=","currency":"EUR","initialShippingCost":3.99,"shippingCost":3.99,"freeShippingThreshold":19,"freeShippingMargin":null,"defaultDeliveryTimeMin":1,"defaultDeliveryTimeMax":3,"position":1,"latestDeliveryDate":"2024-12-06","deliveryTimeMinAvailableUntil":null,"pickupStationDeliverySupported":false,"addressDeliverySupported":true},{"id":"carrier.dhl.001","default":false,"group":"DHL","displayName":"carrier.dhl.standard","externalCarrierIds":{"parcellab":"dhl-germany"},"shippingMethod":"STANDARD","neighbourDeliveryProhibitable":false,"relativeImageUrl":"/pix/logo-dhl.png","trackingLink":"http://nolp.dhl.de/nextt-onlinepublic/set_identcodes.do?lang=de\u0026idc=","currency":"EUR","initialShippingCost":3.99,"shippingCost":3.99,"freeShippingThreshold":19,"freeShippingMargin":null,"defaultDeliveryTimeMin":1,"defaultDeliveryTimeMax":3,"position":2,"latestDeliveryDate":"2024-12-06","deliveryTimeMinAvailableUntil":null,"pickupStationDeliverySupported":true,"addressDeliverySupported":true},{"id":"carrier.her.001","default":false,"group":"HERMES","displayName":"carrier.hermes.standard","externalCarrierIds":{"parcellab":"hermes-de"},"shippingMethod":"STANDARD","neighbourDeliveryProhibitable":true,"relativeImageUrl":"/pix/logo-hermes.png","trackingLink":"https://tracking.hermesworld.com/?TrackID=","currency":"EUR","initialShippingCost":3.99,"shippingCost":3.99,"freeShippingThreshold":19,"freeShippingMargin":null,"defaultDeliveryTimeMin":1,"defaultDeliveryTimeMax":3,"position":3,"latestDeliveryDate":"2024-12-06","deliveryTimeMinAvailableUntil":null,"pickupStationDeliverySupported":true,"addressDeliverySupported":true}]}},"socialMediaConfig":[{"label":"Facebook","mobileOnly":false,"mobileUrl":"https://www.facebook.com/sharer/sharer.php?u=https%3A%2F%2Fwww.shop-apotheke.com%2Fhomoeopathie%2F10044240%2Fbronchobini.htm%3Fcampaign%3Dshare%2Ffacebook%2Fmobile%2F10044240","name":"facebook","url":"https://www.facebook.com/sharer/sharer.php?u=https%3A%2F%2Fwww.shop-apotheke.com%2Fhomoeopathie%2F10044240%2Fbronchobini.htm%3Fcampaign%3Dshare%2Ffacebook%2Fdesktop%2F10044240"},{"label":"E-Mail","mobileOnly":false,"mobileUrl":"mailto:?subject=Ich möchte dir diesen Artikel empfehlen https://www.shop-apotheke.com/homoeopathie/10044240/bronchobini.htm?campaign=share/mail/mobile/10044240","name":"mail","url":"mailto:?subject=Ich möchte dir diesen Artikel empfehlen https://www.shop-apotheke.com/homoeopathie/10044240/bronchobini.htm?campaign=share/mail/desktop/10044240"},{"label":"Pinterest","mobileOnly":false,"mobileUrl":"https://www.pinterest.com/pin/create/link/?description=Bronchobini%C2%AE\u0026url=https%3A%2F%2Fwww.shop-apotheke.com%2Fhomoeopathie%2F10044240%2Fbronchobini.htm%3Fcampaign%3Dshare%2Fpinterest%2Fmobile%2F10044240","name":"pinterest","url":"https://www.pinterest.com/pin/create/link/?description=Bronchobini%C2%AE\u0026url=https%3A%2F%2Fwww.shop-apotheke.com%2Fhomoeopathie%2F10044240%2Fbronchobini.htm%3Fcampaign%3Dshare%2Fpinterest%2Fdesktop%2F10044240"},{"label":"Twitter","mobileOnly":false,"mobileUrl":"https://twitter.com/intent/tweet?text=Bronchobini%C2%AE\u0026url=https%3A%2F%2Fwww.shop-apotheke.com%2Fhomoeopathie%2F10044240%2Fbronchobini.htm%3Fcampaign%3Dshare%2Ftwitter%2Fmobile%2F10044240","name":"twitter","url":"https://twitter.com/intent/tweet?text=Bronchobini%C2%AE\u0026url=https%3A%2F%2Fwww.shop-apotheke.com%2Fhomoeopathie%2F10044240%2Fbronchobini.htm%3Fcampaign%3Dshare%2Ftwitter%2Fdesktop%2F10044240"},{"label":"WhatsApp","mobileOnly":false,"mobileUrl":"whatsapp://send?text=Bronchobini%C2%AE\u0026url=https%3A%2F%2Fwww.shop-apotheke.com%2Fhomoeopathie%2F10044240%2Fbronchobini.htm%3Fcampaign%3Dshare%2Fwhatsapp%2Fmobile%2F10044240","name":"whatsapp","url":"whatsapp://send?text=Bronchobini%C2%AE\u0026url=https%3A%2F%2Fwww.shop-apotheke.com%2Fhomoeopathie%2F10044240%2Fbronchobini.htm%3Fcampaign%3Dshare%2Fwhatsapp%2Fdesktop%2F10044240"}]}},"__N_SSP":true},"page":"/[tenant]/[language]/product/[upid]","query":{"tenant":"com","language":"de","upid":"10044240"},"buildId":"VIXye0tXR6K1MOuN6n5Tf","assetPrefix":"https://cdn.sa-tech.de/homeone/main","isFallback":false,"isExperimentalCompile":false,"dynamicIds":[56770,35015,26269,19578],"gssp":true,"scriptLoader":[]}</script><script type="text/javascript" src="https://static.sae-conversational.com/static/js/widget-loader.latest.js" async=""></script><script id="_next-gtm-init" data-nscript="afterInteractive">
      (function(w,l){
        w[l]=w[l]||[];
        w[l].push({'gtm.start': new Date().getTime(),event:'gtm.js'});
        
      })(window,'dataLayer');</script><script src="https://www.googletagmanager.com/gtm.js?id=GTM-PVRM45G" id="_next-gtm" data-ntpc="GTM" data-nscript="afterInteractive"></script><next-route-announcer><p aria-live="assertive" id="__next-route-announcer__" role="alert" style="border: 0px; clip: rect(0px, 0px, 0px, 0px); height: 1px; margin: -1px; overflow: hidden; padding: 0px; position: absolute; top: 0px; width: 1px; white-space: nowrap; overflow-wrap: normal;"></p></next-route-announcer><div class="select-popup base-Popup-root base-Select-popup" data-popup-placement="bottom-start" style="position: absolute; left: 0px; top: 0px; visibility: hidden; transform: translate(640px, 816px); will-change: transform; width: 108px;"><div class="select-listbox base-Select-listbox" id=":R16ai3amam56:" role="listbox" tabindex="-1"><header class="select-listbox__header"><button class="select-listbox__close-button" type="button"><svg viewBox="0 0 24 24" xmlns="http://www.w3.org/2000/svg" width="1em" height="1em" fill="currentColor" class="select-listbox__close-button-icon"><path d="M17.656 7.757a1 1 0 0 0-1.414-1.414L12 10.586 7.757 6.343a1 1 0 0 0-1.414 1.414L10.585 12l-4.242 4.243a1 1 0 1 0 1.414 1.414L12 13.414l4.242 4.243a1 1 0 0 0 1.414-1.414L13.414 12z"></path></svg></button></header><ul class="select-listbox__list"><li tabindex="0" id=":r0:" role="option" aria-selected="true" data-qa-id="product-quantity-select-option" data-value="1" class="base-Option-root base-Option-highlighted base--selected option option_highlighted option_selected">1<svg viewBox="0 0 24 24" xmlns="http://www.w3.org/2000/svg" width="1em" height="1em" fill="currentColor" class="option__icon"><path fill-rule="evenodd" d="M18.574 6.18a1 1 0 0 1 .245 1.393l-6.316 9.024a2 2 0 0 1-3.053.267l-4.157-4.157a1 1 0 1 1 1.414-1.414l4.157 4.157 6.317-9.023a1 1 0 0 1 1.392-.246" clip-rule="evenodd"></path></svg></li><li tabindex="-1" id=":r1:" role="option" aria-selected="false" data-qa-id="product-quantity-select-option" data-value="2" class="base-Option-root option">2</li><li tabindex="-1" id=":r2:" role="option" aria-selected="false" data-qa-id="product-quantity-select-option" data-value="3" class="base-Option-root option">3</li><li tabindex="-1" id=":r3:" role="option" aria-selected="false" data-qa-id="product-quantity-select-option" data-value="4" class="base-Option-root option">4</li><li tabindex="-1" id=":r4:" role="option" aria-selected="false" data-qa-id="product-quantity-select-option" data-value="5" class="base-Option-root option">5</li><li tabindex="-1" id=":r5:" role="option" aria-selected="false" data-qa-id="product-quantity-select-option" data-value="6" class="base-Option-root option">6</li><li tabindex="-1" id=":r6:" role="option" aria-selected="false" data-qa-id="product-quantity-select-option" data-value="7" class="base-Option-root option">7</li><li tabindex="-1" id=":r7:" role="option" aria-selected="false" data-qa-id="product-quantity-select-option" data-value="8" class="base-Option-root option">8</li><li tabindex="-1" id=":r8:" role="option" aria-selected="false" data-qa-id="product-quantity-select-option" data-value="9" class="base-Option-root option">9</li><li tabindex="-1" id=":r9:" role="option" aria-selected="false" data-qa-id="product-quantity-select-option" data-value="10" class="base-Option-root option">10</li><li tabindex="-1" id=":ra:" role="option" aria-selected="false" data-qa-id="product-quantity-select-option" data-value="11" class="base-Option-root option">11</li><li tabindex="-1" id=":rb:" role="option" aria-selected="false" data-qa-id="product-quantity-select-option" data-value="12" class="base-Option-root option">12</li><li tabindex="-1" id=":rc:" role="option" aria-selected="false" data-qa-id="product-quantity-select-option" data-value="13" class="base-Option-root option">13</li><li tabindex="-1" id=":rd:" role="option" aria-selected="false" data-qa-id="product-quantity-select-option" data-value="14" class="base-Option-root option">14</li><li tabindex="-1" id=":re:" role="option" aria-selected="false" data-qa-id="product-quantity-select-option" data-value="15" class="base-Option-root option">15</li><li tabindex="-1" id=":rf:" role="option" aria-selected="false" data-qa-id="product-quantity-select-option" data-value="16" class="base-Option-root option">16</li><li tabindex="-1" id=":rg:" role="option" aria-selected="false" data-qa-id="product-quantity-select-option" data-value="17" class="base-Option-root option">17</li><li tabindex="-1" id=":rh:" role="option" aria-selected="false" data-qa-id="product-quantity-select-option" data-value="18" class="base-Option-root option">18</li><li tabindex="-1" id=":ri:" role="option" aria-selected="false" data-qa-id="product-quantity-select-option" data-value="19" class="base-Option-root option">19</li><li tabindex="-1" id=":rj:" role="option" aria-selected="false" data-qa-id="product-quantity-select-option" data-value="20" class="base-Option-root option">20</li><li tabindex="-1" id=":rk:" role="option" aria-selected="false" data-qa-id="product-quantity-select-option" data-value="21" class="base-Option-root option">21</li><li tabindex="-1" id=":rl:" role="option" aria-selected="false" data-qa-id="product-quantity-select-option" data-value="22" class="base-Option-root option">22</li><li tabindex="-1" id=":rm:" role="option" aria-selected="false" data-qa-id="product-quantity-select-option" data-value="23" class="base-Option-root option">23</li><li tabindex="-1" id=":rn:" role="option" aria-selected="false" data-qa-id="product-quantity-select-option" data-value="24" class="base-Option-root option">24</li><li tabindex="-1" id=":ro:" role="option" aria-selected="false" data-qa-id="product-quantity-select-option" data-value="25" class="base-Option-root option">25</li><li tabindex="-1" id=":rp:" role="option" aria-selected="false" data-qa-id="product-quantity-select-option" data-value="26" class="base-Option-root option">26</li><li tabindex="-1" id=":rq:" role="option" aria-selected="false" data-qa-id="product-quantity-select-option" data-value="27" class="base-Option-root option">27</li><li tabindex="-1" id=":rr:" role="option" aria-selected="false" data-qa-id="product-quantity-select-option" data-value="28" class="base-Option-root option">28</li><li tabindex="-1" id=":rs:" role="option" aria-selected="false" data-qa-id="product-quantity-select-option" data-value="29" class="base-Option-root option">29</li><li tabindex="-1" id=":rt:" role="option" aria-selected="false" data-qa-id="product-quantity-select-option" data-value="30" class="base-Option-root option">30</li><li tabindex="-1" id=":ru:" role="option" aria-selected="false" data-qa-id="product-quantity-select-option" data-value="31" class="base-Option-root option">31</li><li tabindex="-1" id=":rv:" role="option" aria-selected="false" data-qa-id="product-quantity-select-option" data-value="32" class="base-Option-root option">32</li><li tabindex="-1" id=":r10:" role="option" aria-selected="false" data-qa-id="product-quantity-select-option" data-value="33" class="base-Option-root option">33</li><li tabindex="-1" id=":r11:" role="option" aria-selected="false" data-qa-id="product-quantity-select-option" data-value="34" class="base-Option-root option">34</li><li tabindex="-1" id=":r12:" role="option" aria-selected="false" data-qa-id="product-quantity-select-option" data-value="35" class="base-Option-root option">35</li><li tabindex="-1" id=":r13:" role="option" aria-selected="false" data-qa-id="product-quantity-select-option" data-value="36" class="base-Option-root option">36</li><li tabindex="-1" id=":r14:" role="option" aria-selected="false" data-qa-id="product-quantity-select-option" data-value="37" class="base-Option-root option">37</li><li tabindex="-1" id=":r15:" role="option" aria-selected="false" data-qa-id="product-quantity-select-option" data-value="38" class="base-Option-root option">38</li><li tabindex="-1" id=":r16:" role="option" aria-selected="false" data-qa-id="product-quantity-select-option" data-value="39" class="base-Option-root option">39</li><li tabindex="-1" id=":r17:" role="option" aria-selected="false" data-qa-id="product-quantity-select-option" data-value="40" class="base-Option-root option">40</li><li tabindex="-1" id=":r18:" role="option" aria-selected="false" data-qa-id="product-quantity-select-option" data-value="41" class="base-Option-root option">41</li><li tabindex="-1" id=":r19:" role="option" aria-selected="false" data-qa-id="product-quantity-select-option" data-value="42" class="base-Option-root option">42</li><li tabindex="-1" id=":r1a:" role="option" aria-selected="false" data-qa-id="product-quantity-select-option" data-value="43" class="base-Option-root option">43</li><li tabindex="-1" id=":r1b:" role="option" aria-selected="false" data-qa-id="product-quantity-select-option" data-value="44" class="base-Option-root option">44</li><li tabindex="-1" id=":r1c:" role="option" aria-selected="false" data-qa-id="product-quantity-select-option" data-value="45" class="base-Option-root option">45</li></ul></div></div><div class="select-popup base-Popup-root base-Select-popup" data-popup-placement="bottom-start" style="position: absolute; left: 0px; top: 0px; visibility: hidden; transform: translate(648.667px, 1004.67px); will-change: transform; width: 438.667px;"><div class="select-listbox base-Select-listbox" id=":R2edamam56:" role="listbox" tabindex="-1"><header class="select-listbox__header"><span class="select-listbox__title">Rezeptart wählen</span><button class="select-listbox__close-button" type="button"><svg viewBox="0 0 24 24" xmlns="http://www.w3.org/2000/svg" width="1em" height="1em" fill="currentColor" class="select-listbox__close-button-icon"><path d="M17.656 7.757a1 1 0 0 0-1.414-1.414L12 10.586 7.757 6.343a1 1 0 0 0-1.414 1.414L10.585 12l-4.242 4.243a1 1 0 1 0 1.414 1.414L12 13.414l4.242 4.243a1 1 0 0 0 1.414-1.414L13.414 12z"></path></svg></button></header><ul class="select-listbox__list"><li tabindex="0" id=":r1d:" role="option" aria-selected="true" data-qa-id="prescription-type-select-noPrescription" data-qa-value="noPrescription" class="base-Option-root base-Option-highlighted base--selected option option_highlighted option_selected">Ohne Rezept<svg viewBox="0 0 24 24" xmlns="http://www.w3.org/2000/svg" width="1em" height="1em" fill="currentColor" class="option__icon"><path fill-rule="evenodd" d="M18.574 6.18a1 1 0 0 1 .245 1.393l-6.316 9.024a2 2 0 0 1-3.053.267l-4.157-4.157a1 1 0 1 1 1.414-1.414l4.157 4.157 6.317-9.023a1 1 0 0 1 1.392-.246" clip-rule="evenodd"></path></svg></li><li tabindex="-1" id=":r1e:" role="option" aria-selected="false" data-qa-id="prescription-type-select-insurancePrescription" data-qa-value="insurancePrescription" class="base-Option-root option">Kassenrezept</li><li tabindex="-1" id=":r1f:" role="option" aria-selected="false" data-qa-id="prescription-type-select-privatePrescription" data-qa-value="privatePrescription" class="base-Option-root option">Privatrezept</li><li tabindex="-1" id=":r1g:" role="option" aria-selected="false" data-qa-id="prescription-type-select-freePrescription" data-qa-value="freePrescription" class="base-Option-root option">Zuzahlungsbefreiung</li><li class="m-3 space-y-3 rounded-2xl border border-dark-primary-min p-4 tablet:hidden"><div class="flex items-center"><img alt="Rezeptart wählen" loading="lazy" width="95" height="60" decoding="async" data-nimg="1" class="mr-4" src="https://cdn.sa-tech.de/homeone/main/_next/static/media/illustration-nfc.2976ee47.png" style="color: transparent;"><div class="w-full text-m font-medium">E-Rezept auf Krankenkassenkarte?<br> <span class="font-medium italic text-dark-accent">Shop Apotheke App.</span></div></div><div class="text-s">Shop Apotheke App öffnen, Krankenkassenkarte dranhalten und Medikamente nach Hause geliefert bekommen.</div><a class="button button_medium button_outlined button_primary w-full" href="/e-rezept-elektronische-gesundheitskarte/">Jetzt App runterladen</a></li></ul></div></div><div class="select-popup base-Popup-root base-Select-popup data-[popup-placement=bottom-start]:rounded-b-md data-[popup-placement=top-start]:rounded-t-md" data-popup-placement="top-start" style="position: absolute; left: 0px; top: 0px; visibility: hidden; transform: translate(307.333px, 2221.33px); will-change: transform; width: 373.177px;"><div class="select-listbox base-Select-listbox" id=":R2qqlmam56:" role="listbox" tabindex="-1"><header class="select-listbox__header"><button class="select-listbox__close-button" type="button"><svg viewBox="0 0 24 24" xmlns="http://www.w3.org/2000/svg" width="1em" height="1em" fill="currentColor" class="select-listbox__close-button-icon"><path d="M17.656 7.757a1 1 0 0 0-1.414-1.414L12 10.586 7.757 6.343a1 1 0 0 0-1.414 1.414L10.585 12l-4.242 4.243a1 1 0 1 0 1.414 1.414L12 13.414l4.242 4.243a1 1 0 0 0 1.414-1.414L13.414 12z"></path></svg></button></header><ul class="select-listbox__list"><li tabindex="0" id=":r1h:" role="option" aria-selected="true" class="base-Option-root base-Option-highlighted base--selected option option_highlighted option_selected"><span class="flex w-full justify-start text-dark-brand">Deutsch (7)</span><svg viewBox="0 0 24 24" xmlns="http://www.w3.org/2000/svg" width="1em" height="1em" fill="currentColor" class="option__icon"><path fill-rule="evenodd" d="M18.574 6.18a1 1 0 0 1 .245 1.393l-6.316 9.024a2 2 0 0 1-3.053.267l-4.157-4.157a1 1 0 1 1 1.414-1.414l4.157 4.157 6.317-9.023a1 1 0 0 1 1.392-.246" clip-rule="evenodd"></path></svg></li><li tabindex="-1" id=":r1i:" role="option" aria-selected="false" class="base-Option-root option"><span class="flex w-full justify-start text-dark-brand">Nederlands (0)</span></li><li tabindex="-1" id=":r1j:" role="option" aria-selected="false" class="base-Option-root option"><span class="flex w-full justify-start text-dark-brand">Français (0)</span></li><li tabindex="-1" id=":r1k:" role="option" aria-selected="false" class="base-Option-root option"><span class="flex w-full justify-start text-dark-brand">Italiano (0)</span></li></ul></div></div><div style="display: none; visibility: hidden;"><style type="text/css">
  body.withNlBanner [id^=minimized-trustbadge] {
  margin-bottom: 75px !important
}
</style>

<script type="text/javascript">(function(){var b="X6CDB62AC29E1E597016740F9743558C2";_tsConfig={yOffset:"-32px",variant:"reviews",customElementId:"",trustcardDirection:"",customBadgeWidth:"",customBadgeHeight:"",disableResponsive:"false",disableTrustbadge:"false"};var a=document.createElement("script");a.type="text/javascript";a.charset="utf-8";a.async=!0;a.src="//widgets.trustedshops.com/js/"+b+".js";b=document.getElementsByTagName("script")[0];b.parentNode.insertBefore(a,b)})();</script></div><div style="display: none; visibility: hidden;"><script id="usercentrics-cmp" src="https://app.usercentrics.eu/browser-ui/latest/loader.js" data-settings-id="HecWt5gFY" async="null" data-avoid-prefetch-services=""></script></div><script type="text/javascript" id="" charset="">dataLayer.push({userdata_available:!0});</script><script type="text/javascript" id="" charset="">(function(){var b="adtriba-js",a=document.getElementById(b);if(!a){a=document.createElement("script");var c=document.getElementsByTagName("script")[0];a.setAttribute("data-project-tracker-id","b3711944");a.type="text/javascript";a.async=!0;a.id=b;a.src="https://cdn.adtriba.com/v2/adtriba.js";c.parentNode.insertBefore(a,c)}window.adtriba=window.adtriba||[];window.adtriba.push(["pageview"])})();</script><script type="text/javascript" id="" charset="">window.adtriba=window.adtriba||[];window.adtriba.push(["track","ProductViewed"]);</script><script type="text/javascript" id="" charset="">(function(){var emosProps={};if(google_tag_manager["rm"]["10479810"](82)==="granted")localStorage.setItem("emos_privacy","3");var widgetData=google_tag_manager["rm"]["10479810"](83);if(widgetData===null||Object.keys(widgetData).length===0){var ccamp=google_tag_manager["rm"]["10479810"](84);if(ccamp!=null){ccamp=ccamp.split("-");widgetData={emcs0:"dp"+ccamp[1],emcs1:ccamp[1]+"-"+ccamp[2],emcs2:null,emcs3:google_tag_manager["rm"]["10479810"](85)}}else widgetData={}}widgetData.emcs0=widgetData.emcs0||null;widgetData.emcs1=widgetData.emcs1||null;widgetData.emcs2=widgetData.emcs2||
null;widgetData.emcs3=widgetData.emcs3||null;var products=google_tag_manager["rm"]["10479810"](91),loginTrack=google_tag_manager["rm"]["10479810"](96),siteId=google_tag_manager["rm"]["10479810"](99),langid=google_tag_manager["rm"]["10479810"](100),emosjs=google_tag_manager["rm"]["10479810"](101);function isString(value){return typeof value==="string"}function isArray(value){return typeof value==="object"&&Object.prototype.toString.apply(value)==="[object Array]"}function isObject(value){return typeof value==="object"&&value!==null}emosProps.now=[[google_tag_manager["rm"]["10479810"](103),google_tag_manager["rm"]["10479810"](105),
null]];emosProps.content=google_tag_manager["rm"]["10479810"](106);if(google_tag_manager["rm"]["10479810"](108)==null||google_tag_manager["rm"]["10479810"](110)=="null")emosProps.entrypage=emosProps.content;else emosProps.vcontent=google_tag_manager["rm"]["10479810"](112);if(isString(siteId))emosProps.siteid=siteId;if(isString(langid))emosProps.langid=langid;if(isArray(products))emosProps.ec_Event=products;if(google_tag_manager["rm"]["10479810"](117)){emosProps.search=google_tag_manager["rm"]["10479810"](122).search;emosProps.styp=google_tag_manager["rm"]["10479810"](127).styp}if(google_tag_manager["rm"]["10479810"](130)!="noTest"){var optiTestVal=
google_tag_manager["rm"]["10479810"](133);emosProps.abtest=optiTestVal}window.emos3={stored:[],send:function(p){this.stored.push(p)}};window.emos3.emcs0=widgetData.emcs0;window.emos3.emcs1=widgetData.emcs1;window.emos3.emcs2=widgetData.emcs2;window.emos3.emcs3=widgetData.emcs3;window.emos3.send(emosProps);function loadEmos(src){var s=document.createElement("script");s.type="text/javascript";s.src=src;s.async=true;(document.body||document.head).appendChild(s)}loadEmos(emosjs)})();</script><script type="text/javascript" src="https://static.shop-apotheke.com/media/js/shopmonitor3.js" async=""></script><script type="text/javascript" id="" charset="">window.dispatchEvent(new Event("gtmDataLoaded"));</script><script type="text/javascript" id="" charset="">var ALGOLIA_INSIGHTS_SRC="https://cdn.jsdelivr.net/npm/search-insights@1.2.2";!function(a,d,e,g,f,b,c){a.AlgoliaAnalyticsObject=f;a.aa=a.aa||function(){(a.aa.queue=a.aa.queue||[]).push(arguments)};b=d.createElement(e);c=d.getElementsByTagName(e)[0];b.async=1;b.src=ALGOLIA_INSIGHTS_SRC;b.contentType="application/javascript";c.parentNode.insertBefore(b,c)}(window,document,"script",0,"aa");
aa("init",{appId:google_tag_manager["rm"]["10479810"](151)=="reference"?"V12TWO631N":"58ECUELY50",apiKey:google_tag_manager["rm"]["10479810"](152)=="reference"?"d1bc87bf344a217f3b333c26f9fde633":"d75f2f70ba9cba5fec9ea8ddcafd263e"});</script><script type="text/javascript" id="" charset="">(function(){for(var c=".contact-container\x3e.row.detail-info:last-child\x3ediv\x3ediv:first-child .advantages-container\x3e.phone-box footer\x3ediv.l-content:first-child\x3ediv:nth-child(2) footer\x3ea.clicktocall .row.hotline-row .trust-box.row\x3ediv\x3e.hotline #algolia-instant-search\x3ediv:first-child\x3ediv.l-grid:nth-child(3)\x3ediv.l-grid__item:nth-child(2)\x3ediv\x3ep:nth-child(2)".split(" "),a=0;a<c.length;a++){var b=c[a];if(b=document.querySelector(b))b.outerHTML=""}})();</script>
<script type="text/javascript" id="" charset="">var onClick,getCookie,setCookie,COOKIE_NAME,enabled=!1;</script><script type="text/javascript" id="" charset="">sessionStorage.removeItem("crosssellwidgetdata");sessionStorage.removeItem("dataLayerSearch");</script><script type="text/javascript" id="" charset="">(function(){"function"===typeof aa&&aa("getUserToken",null,function(a,b){a=localStorage.getItem("algoliaToken");null!=a&&"undefined"!==a||localStorage.setItem("algoliaToken",b)})})();</script><script type="text/javascript" id="" charset="">window._uxa=window._uxa||[];window._uxa.push(["trackPageview",window.location.pathname+google_tag_manager["rm"]["10479810"](161)]);</script><script crossorigin="anonymous" src="https://cdn.sa-tech.de/homeone/main/_next/static/chunks/7439-4dd48bc3af93a1ca.js"></script><div id="usercentrics-root" data-created-at="1733224316112" style=""></div><script src="https://widgets.trustedshops.com/assets/trustbadge.js" charset="utf-8" data-type="trustbadge-business-logic"></script><script type="text/javascript" id="" charset="">if("ad_view"===google_tag_manager["rm"]["10479810"](170)){var av=google_tag_manager["rm"]["10479810"](171),ad_views=ad_views||[];if(av.constructor===Array)for(var i=0;i<av.length;i++)av[i]=av[i].replace(/:/g,"/"),ad_views.push(av[i]);else{var AdI=google_tag_manager["rm"]["10479810"](172).replace(/:/g,"/");ad_views.push(AdI)}}else"ad_view_ad"===google_tag_manager["rm"]["10479810"](173)?(av=google_tag_manager["rm"]["10479810"](174),ad_views=ad_views||[],AdI=google_tag_manager["rm"]["10479810"](175).replace(/:/g,"/"),AdI+="/default/product",ad_views.push(AdI)):"gtm.load"===google_tag_manager["rm"]["10479810"](176)&&void 0!==
google_tag_manager["rm"]["10479810"](177)&&sessionStorage.setItem("ad_views",ad_views);</script><script type="text/javascript" id="" charset="">(function(){try{window.setTimeout(function(){dataLayer.push({event:"afterLoad"})},5E3)}catch(a){}})();</script><script src="https://cdn.sa-tech.de/fock/retail/main.js" data-nscript="lazyOnload"></script><iframe id="trustbadge-iframe" style="display: none;"></iframe><div id="trustbadge-container-98e3dadd90eb493088abdc5597a70810" style="z-index: 2147483647; position: fixed;"><div class="_t53mel"><div id="minimized-trustbadge-98e3dadd90eb493088abdc5597a70810" data-testid="minimized-trustbadge-floating" class="_1u68cu3"><p id="trustbadge-minimized-menu-button-98e3dadd90eb493088abdc5597a70810" data-testid="trustbadge-minimized-menu-button" class="_14hdeiv"><img alt="ellipsis" width="10" height="3" src="https://widgets.trustedshops.com/assets/images/sprite.fa10bbbffbb158ef65643d1dccd20ba7bd355392.svg#ellipsis-light" class="_ay4mkz"></p><div data-testid="trustmark-container-floating" class="_1tcd14j"><img alt="trustmark" width="50" height="50" src="https://widgets.trustedshops.com/assets/images/sprite.fa10bbbffbb158ef65643d1dccd20ba7bd355392.svg#trustmark" class="_9q4m8w"><p class="_1bse7md">Käuferschutz</p></div><div class="_18uerla"></div><div data-testid="trustbadge-floating-reviews-container" class="_15odmu7"><div id="ratingStarsContainer-98e3dadd90eb493088abdc5597a70810" data-testid="rating-stars-container" class="_1wkl6o"><div class="_13jbtvd"><img alt="star-gray" width="34" height="32" src="https://widgets.trustedshops.com/assets/images/sprite.fa10bbbffbb158ef65643d1dccd20ba7bd355392.svg#star-gray" data-testid="rating-star-gray" class="_1qqd3w6"><img alt="star-gray" width="34" height="32" src="https://widgets.trustedshops.com/assets/images/sprite.fa10bbbffbb158ef65643d1dccd20ba7bd355392.svg#star-gray" data-testid="rating-star-gray" class="_1qqd3w6"><img alt="star-gray" width="34" height="32" src="https://widgets.trustedshops.com/assets/images/sprite.fa10bbbffbb158ef65643d1dccd20ba7bd355392.svg#star-gray" data-testid="rating-star-gray" class="_1qqd3w6"><img alt="star-gray" width="34" height="32" src="https://widgets.trustedshops.com/assets/images/sprite.fa10bbbffbb158ef65643d1dccd20ba7bd355392.svg#star-gray" data-testid="rating-star-gray" class="_1qqd3w6"><img alt="star-gray" width="34" height="32" src="https://widgets.trustedshops.com/assets/images/sprite.fa10bbbffbb158ef65643d1dccd20ba7bd355392.svg#star-gray" data-testid="rating-star-gray" class="_1hcc09z"></div><div class="_m03fh7"><img alt="star-yellow" width="34" height="32" src="https://widgets.trustedshops.com/assets/images/sprite.fa10bbbffbb158ef65643d1dccd20ba7bd355392.svg#star-yellow" data-testid="rating-star-yellow" class="_1qqd3w6"><img alt="star-yellow" width="34" height="32" src="https://widgets.trustedshops.com/assets/images/sprite.fa10bbbffbb158ef65643d1dccd20ba7bd355392.svg#star-yellow" data-testid="rating-star-yellow" class="_1qqd3w6"><img alt="star-yellow" width="34" height="32" src="https://widgets.trustedshops.com/assets/images/sprite.fa10bbbffbb158ef65643d1dccd20ba7bd355392.svg#star-yellow" data-testid="rating-star-yellow" class="_1qqd3w6"><img alt="star-yellow" width="34" height="32" src="https://widgets.trustedshops.com/assets/images/sprite.fa10bbbffbb158ef65643d1dccd20ba7bd355392.svg#star-yellow" data-testid="rating-star-yellow" class="_1qqd3w6"><img alt="star-yellow" width="34" height="32" src="https://widgets.trustedshops.com/assets/images/sprite.fa10bbbffbb158ef65643d1dccd20ba7bd355392.svg#star-yellow" data-testid="rating-star-yellow" class="_1hcc09z"></div></div><p class="_17wvbpl"><span class="_368rpk">4,75</span></p><p class="_jkmglk">Sehr gut</p></div></div></div></div><script type="text/javascript" id="" charset="">(function(){var c="usercentrics_consent",b={ad_storage:google_tag_manager["rm"]["10479810"](197),analytics_storage:google_tag_manager["rm"]["10479810"](200),functional:google_tag_manager["rm"]["10479810"](203)};b=JSON.stringify(b);var d=2592E6,a=new Date,e=a.getTime();a.setTime(e+d);a=a.toUTCString();document.cookie=c+"\x3d"+b+"; SameSite\x3dNone; Secure; expires\x3d"+a+"; path\x3d/;     domain\x3d."+location.hostname.replace(/^www\./i,"")})();</script>
  
  
  <div id="sae-conversational-widget" hidden="" style="--primary: #FFECE5; --primaryHover: #FFC8B2; --secondary: #ED0334; --secondaryHover: #FF0035; --secondaryPressed: #CC012B; --tertiary: #634CA9; --tertiaryBg: #E5DCFF; --black: #2B140E; --white: #fff; --offWhite: #FCF7F7; --success: #00944D; --successBg: #CBF2E1; --warning: #E34E00; --warningBg: #FFE4D6; --error: #ED0334; --darkGray: #222; --gray: #231815; --lightGray: #EBE5E5; --chatHeaderBg: var(--primary); --bodyTextColor: var(--black); --headerTextColor: var(--black); --chatButtonTextColor: var(--black); --avatarBorder: none; --avatarBackground: var(--tertiaryBg); --primaryColor: var(--primary); --primaryColorHover: var(--primaryHover); --userChatBubbleBg: var(--lightGray); --chatButtonBg: var(--primary); --closeButtonBg: var(--darkGray); --fontSize: 16px; --basePadding: 16px; --productCardBg: var(--tertiaryBg); --productActionButton: var(--secondary); --productActionButtonHover: var(--secondaryHover); margin-bottom: 8px; position: fixed; z-index: 99999991; inset: 10px; width: calc(100% - 20px); height: auto; text-align: right; pointer-events: none; display: flex; flex-direction: column; justify-content: flex-end; align-items: flex-end; transition: margin-bottom 0.3s cubic-bezier(0.3, -0.4, 0, 1.5);"><button id="sae-conversational-button" type="button" data-testid="modal-button" class="ChatButton_button__e32AV undefined"><div class="ChatButton_counter__Hz2nr">1</div><span class="ChatButton_buttonLabel__1Klwd">Open Pharmacy Assistant</span><div class="ChatButton_wiggleContainer__mfK30"><div class="ChatButton_chatButton__zRdis ChatButton_chatButtonFrontside__sv97c"><svg width="60" height="60" fill="none"><circle cx="30" cy="30" r="30" fill="#FCF7F7"></circle><path d="M37.231 32.966a.942.942 0 1 1-1.885 0 .942.942 0 0 1 1.885 0Zm.252-11.835c-1.017-.277-2.218-.111-3.57.494a.53.53 0 1 0 .433.967c1.123-.503 2.085-.65 2.859-.44.616.17 1.096.59 1.317 1.158a1.882 1.882 0 0 1-.183 1.7c-.226.356-.508.677-.807 1.018-.342.388-.694.79-.978 1.267a5.687 5.687 0 0 0-.803 2.905.53.53 0 0 0 1.059 0c0-.828.226-1.646.653-2.363.235-.394.54-.742.864-1.11.313-.356.636-.724.907-1.152a2.929 2.929 0 0 0 .274-2.648c-.343-.883-1.08-1.538-2.025-1.796ZM22.363 42.62c-4.484-2.09-5.282-5.87-5.42-6.978a.528.528 0 1 0-1.05.13c.154 1.245 1.045 5.487 6.023 7.808a.528.528 0 0 0 .703-.256.53.53 0 0 0-.256-.704ZM60 30c0 16.569-13.431 30-30 30C13.431 60 0 46.569 0 30 0 13.431 13.431 0 30 0c16.569 0 30 13.431 30 30ZM21.994 17.77a.53.53 0 1 0 1.056.074l.192-2.765a.53.53 0 1 0-1.056-.074l-.192 2.765ZM16.8 16.258l2.313 3.053a.53.53 0 1 0 .844-.64l-2.313-3.052a.53.53 0 0 0-.844.64Zm-1.836 5.321 2.66.776a.529.529 0 1 0 .296-1.016l-2.66-.776a.53.53 0 0 0-.296 1.016ZM33.072 40.13c-4.897-.974-8.983-4.634-10.374-9.575-.629-2.234-.62-4.53-.102-6.69-2.56.204-5.051 1.276-6.944 3.2a10.954 10.954 0 0 0-3.135 8.542l-.003-.002s.195 7.381 7.985 11.013c3.46 1.613 6.838 1.758 9.09 1.587.637-.048.81-.913.231-1.184a10.071 10.071 0 0 1-2.276-1.468c-.209-.178-.139-.512.115-.616a10.91 10.91 0 0 0 4.089-2.926 11.03 11.03 0 0 0 1.324-1.88ZM49.3 28.986c-.386-9.703-7.993-13.126-7.993-13.126v.004a12.377 12.377 0 0 0-10.27-.46c-5.812 2.327-9.016 8.837-7.32 14.864 1.934 6.868 9.18 10.658 15.874 8.431a12.326 12.326 0 0 0 4.833-2.984c.22-.22.597-.147.692.148.356 1.11.502 2.136.537 3.013.03.72 1.007.918 1.334.276 1.161-2.273 2.484-5.855 2.313-10.166Z" fill="#ED0334"></path></svg></div><img class="ChatButton_chatButton__zRdis ChatButton_chatButtonBackside__MkgDC" alt="" src="https://static.sae-conversational.com/static/media/btn_close.f0bb75d3ddbb4c2ffb87671c603c3199.svg"></div><div class="ChatButton_welcomeMessageContainer__J86EW"><div data-testid="chat-consult-welcome-message" class="ChatButton_welcomeMessage__tuliX"><p>Hallo!👋 Gerne helfe ich Ihnen weiter! Um mich weiter nutzen zu können, akzeptieren Sie bitte erst einmal die funktionellen Cookies. Klicken Sie hier.</p></div><button data-testid="chat-consult-close-button" class="ChatButton_welcomeMessageCloseButton__9VHLq" type="button"></button></div></button></div><script type="text/javascript" id="" charset="">window._uxa=window._uxa||[];window._uxa.push(["trackPageview",window.location.pathname+google_tag_manager["rm"]["10479810"](292)]);</script><div class="select-popup base-Popup-root base-Select-popup" data-popup-placement="top-start" style="position: absolute; left: 0px; top: 0px; visibility: hidden; transform: translate(233.333px, 2026px); will-change: transform; width: 108px;"><div class="select-listbox base-Select-listbox" id=":r28:" role="listbox" tabindex="-1"><header class="select-listbox__header"><button class="select-listbox__close-button" type="button"><svg viewBox="0 0 24 24" xmlns="http://www.w3.org/2000/svg" width="1em" height="1em" fill="currentColor" class="select-listbox__close-button-icon"><path d="M17.656 7.757a1 1 0 0 0-1.414-1.414L12 10.586 7.757 6.343a1 1 0 0 0-1.414 1.414L10.585 12l-4.242 4.243a1 1 0 1 0 1.414 1.414L12 13.414l4.242 4.243a1 1 0 0 0 1.414-1.414L13.414 12z"></path></svg></button></header><ul class="select-listbox__list"><li tabindex="0" id=":r29:" role="option" aria-selected="true" data-qa-id="product-quantity-select-option" data-value="1" class="base-Option-root base-Option-highlighted base--selected option option_highlighted option_selected">1<svg viewBox="0 0 24 24" xmlns="http://www.w3.org/2000/svg" width="1em" height="1em" fill="currentColor" class="option__icon"><path fill-rule="evenodd" d="M18.574 6.18a1 1 0 0 1 .245 1.393l-6.316 9.024a2 2 0 0 1-3.053.267l-4.157-4.157a1 1 0 1 1 1.414-1.414l4.157 4.157 6.317-9.023a1 1 0 0 1 1.392-.246" clip-rule="evenodd"></path></svg></li><li tabindex="-1" id=":r2a:" role="option" aria-selected="false" data-qa-id="product-quantity-select-option" data-value="2" class="base-Option-root option">2</li><li tabindex="-1" id=":r2b:" role="option" aria-selected="false" data-qa-id="product-quantity-select-option" data-value="3" class="base-Option-root option">3</li><li tabindex="-1" id=":r2c:" role="option" aria-selected="false" data-qa-id="product-quantity-select-option" data-value="4" class="base-Option-root option">4</li><li tabindex="-1" id=":r2d:" role="option" aria-selected="false" data-qa-id="product-quantity-select-option" data-value="5" class="base-Option-root option">5</li><li tabindex="-1" id=":r2e:" role="option" aria-selected="false" data-qa-id="product-quantity-select-option" data-value="6" class="base-Option-root option">6</li><li tabindex="-1" id=":r2f:" role="option" aria-selected="false" data-qa-id="product-quantity-select-option" data-value="7" class="base-Option-root option">7</li><li tabindex="-1" id=":r2g:" role="option" aria-selected="false" data-qa-id="product-quantity-select-option" data-value="8" class="base-Option-root option">8</li><li tabindex="-1" id=":r2h:" role="option" aria-selected="false" data-qa-id="product-quantity-select-option" data-value="9" class="base-Option-root option">9</li><li tabindex="-1" id=":r2i:" role="option" aria-selected="false" data-qa-id="product-quantity-select-option" data-value="10" class="base-Option-root option">10</li><li tabindex="-1" id=":r2j:" role="option" aria-selected="false" data-qa-id="product-quantity-select-option" data-value="11" class="base-Option-root option">11</li><li tabindex="-1" id=":r2k:" role="option" aria-selected="false" data-qa-id="product-quantity-select-option" data-value="12" class="base-Option-root option">12</li><li tabindex="-1" id=":r2l:" role="option" aria-selected="false" data-qa-id="product-quantity-select-option" data-value="13" class="base-Option-root option">13</li><li tabindex="-1" id=":r2m:" role="option" aria-selected="false" data-qa-id="product-quantity-select-option" data-value="14" class="base-Option-root option">14</li><li tabindex="-1" id=":r2n:" role="option" aria-selected="false" data-qa-id="product-quantity-select-option" data-value="15" class="base-Option-root option">15</li><li tabindex="-1" id=":r2o:" role="option" aria-selected="false" data-qa-id="product-quantity-select-option" data-value="16" class="base-Option-root option">16</li><li tabindex="-1" id=":r2p:" role="option" aria-selected="false" data-qa-id="product-quantity-select-option" data-value="17" class="base-Option-root option">17</li><li tabindex="-1" id=":r2q:" role="option" aria-selected="false" data-qa-id="product-quantity-select-option" data-value="18" class="base-Option-root option">18</li><li tabindex="-1" id=":r2r:" role="option" aria-selected="false" data-qa-id="product-quantity-select-option" data-value="19" class="base-Option-root option">19</li><li tabindex="-1" id=":r2s:" role="option" aria-selected="false" data-qa-id="product-quantity-select-option" data-value="20" class="base-Option-root option">20</li><li tabindex="-1" id=":r2t:" role="option" aria-selected="false" data-qa-id="product-quantity-select-option" data-value="21" class="base-Option-root option">21</li><li tabindex="-1" id=":r2u:" role="option" aria-selected="false" data-qa-id="product-quantity-select-option" data-value="22" class="base-Option-root option">22</li><li tabindex="-1" id=":r2v:" role="option" aria-selected="false" data-qa-id="product-quantity-select-option" data-value="23" class="base-Option-root option">23</li><li tabindex="-1" id=":r30:" role="option" aria-selected="false" data-qa-id="product-quantity-select-option" data-value="24" class="base-Option-root option">24</li><li tabindex="-1" id=":r31:" role="option" aria-selected="false" data-qa-id="product-quantity-select-option" data-value="25" class="base-Option-root option">25</li><li tabindex="-1" id=":r32:" role="option" aria-selected="false" data-qa-id="product-quantity-select-option" data-value="26" class="base-Option-root option">26</li><li tabindex="-1" id=":r33:" role="option" aria-selected="false" data-qa-id="product-quantity-select-option" data-value="27" class="base-Option-root option">27</li><li tabindex="-1" id=":r34:" role="option" aria-selected="false" data-qa-id="product-quantity-select-option" data-value="28" class="base-Option-root option">28</li><li tabindex="-1" id=":r35:" role="option" aria-selected="false" data-qa-id="product-quantity-select-option" data-value="29" class="base-Option-root option">29</li><li tabindex="-1" id=":r36:" role="option" aria-selected="false" data-qa-id="product-quantity-select-option" data-value="30" class="base-Option-root option">30</li><li tabindex="-1" id=":r37:" role="option" aria-selected="false" data-qa-id="product-quantity-select-option" data-value="31" class="base-Option-root option">31</li><li tabindex="-1" id=":r38:" role="option" aria-selected="false" data-qa-id="product-quantity-select-option" data-value="32" class="base-Option-root option">32</li><li tabindex="-1" id=":r39:" role="option" aria-selected="false" data-qa-id="product-quantity-select-option" data-value="33" class="base-Option-root option">33</li><li tabindex="-1" id=":r3a:" role="option" aria-selected="false" data-qa-id="product-quantity-select-option" data-value="34" class="base-Option-root option">34</li><li tabindex="-1" id=":r3b:" role="option" aria-selected="false" data-qa-id="product-quantity-select-option" data-value="35" class="base-Option-root option">35</li><li tabindex="-1" id=":r3c:" role="option" aria-selected="false" data-qa-id="product-quantity-select-option" data-value="36" class="base-Option-root option">36</li><li tabindex="-1" id=":r3d:" role="option" aria-selected="false" data-qa-id="product-quantity-select-option" data-value="37" class="base-Option-root option">37</li><li tabindex="-1" id=":r3e:" role="option" aria-selected="false" data-qa-id="product-quantity-select-option" data-value="38" class="base-Option-root option">38</li><li tabindex="-1" id=":r3f:" role="option" aria-selected="false" data-qa-id="product-quantity-select-option" data-value="39" class="base-Option-root option">39</li><li tabindex="-1" id=":r3g:" role="option" aria-selected="false" data-qa-id="product-quantity-select-option" data-value="40" class="base-Option-root option">40</li><li tabindex="-1" id=":r3h:" role="option" aria-selected="false" data-qa-id="product-quantity-select-option" data-value="41" class="base-Option-root option">41</li><li tabindex="-1" id=":r3i:" role="option" aria-selected="false" data-qa-id="product-quantity-select-option" data-value="42" class="base-Option-root option">42</li><li tabindex="-1" id=":r3j:" role="option" aria-selected="false" data-qa-id="product-quantity-select-option" data-value="43" class="base-Option-root option">43</li><li tabindex="-1" id=":r3k:" role="option" aria-selected="false" data-qa-id="product-quantity-select-option" data-value="44" class="base-Option-root option">44</li><li tabindex="-1" id=":r3l:" role="option" aria-selected="false" data-qa-id="product-quantity-select-option" data-value="45" class="base-Option-root option">45</li></ul></div></div></body></html>